3642 5559
1623 12 1772 213 '¹

953 449 1168 521 -338-

488 661 572 721 1-6
593 660 729 721 ridentur
746 659 839 722 luisse
857 661 1031 735 hexametri,
1051 665 1137 723 6-8
1157 663 1267 722 senarii
1285 661 1415 722 iambici.
1427 678 1482 724 ar.
1495 667 1509 723 1
1523 663 1675 724 mituli

417 748 553 825 (praeter
571 745 777 827 titulumque).
797 754 826 812 6.
846 755 863 810 7
885 749 986 828 (legis)
1011 756 1030 811 8
1051 752 1186 826 supplevi
1206 768 1251 813 ex.
1269 769 1313 826 gr.

1019 985 1109 1054 822.
1771 1013 1772 1042 ι

416 1086 501 1159 XIV
532 1091 634 1159 2298
662 1109 748 1178 ager
774 1088 931 1161 Albanus
1426 1091 1675 1182 eampo.
1770 1103 1772 1128 ¹

523 1230 572 1301 M.
593 1230 758 1303 Aurelius
777 1230 899 1303 Cottae
921 1225 926 1331 Ι
946 1231 1092 1303 Maximi
1106 1231 1130 1304 l.
1147 1232 1306 1304 Zosimus
1325 1224 1331 1334 Ι
1351 1253 1515 1304 aecensus
1532 1225 1675 1325 patronii
1770 1207 1772 1218 ⁴

522 1353 708 1426 libertinus
726 1377 836 1428 eram:
856 1354 986 1444 fateor3
1006 1356 1068 1428 sed
1085 1355 1178 1429 faeta
1194 1356 1333 1447 legetur

628 1487 775 1571 patrono
794 1481 896 1554 Cotta
913 1481 1041 1554 nobilia
1059 1481 1181 1553 umbra
1198 1502 1286 1553 mea.

522 1606 582 1694 qui
600 1606 686 1678 mihi
705 1628 808 1697 saepe
826 1606 939 1679 libens
957 1627 1080 1678 census
1099 1605 1241 1679 donarit
1259 1607 1441 1696 equestria,

414 1745 432 1800 o
629 1732 689 1821 qui
708 1732 812 1803 iussit
830 1738 930 1803 natos
947 1731 1083 1820 tollere,
1104 1752 1190 1820 quos
1208 1730 1329 1823 aleret,

522 1855 649 1945 quique
669 1877 750 1927 suas
769 1857 941 1928 commisit
959 1876 1042 1946 opes
1060 1856 1145 1927 mihi
1164 1876 1310 1947 semper,
1331 1861 1368 1927 et
1385 1855 1477 1929 idem

628 1981 762 2053 dotavit
780 1989 891 2071 natea,
912 1988 952 2052 ut
968 1987 1079 2072 pater,
1100 1981 1174 2071 ipse
1193 2001 1298 2070 meas,

521 2105 774 2196 Cottauumque
792 2127 905 2178 meum
924 2105 1090 2196 produxit
1107 2108 1237 2178 honore
1255 2106 1399 2198 tribuni,

625 2252 728 2321 quem
747 2229 849 2303 fortis
867 2231 992 2302 castris
1009 2231 1169 2304 Caesaris
1187 2232 1346 2304 emeruit.

415 2375 448 2425 ro
519 2355 603 2445 quid
620 2375 689 2427 non
708 2354 811 2427 Cotta
829 2355 949 2428 dedit?
968 2357 1027 2446 qui
1045 2377 1136 2428 nuuc
1155 2360 1191 2427 et
1209 2357 1363 2429 carmina
1381 2357 1493 2428 tristis

625 2481 711 2552 haee
730 2480 826 2552 dedit
844 2482 881 2552 in
899 2480 1032 2552 tumulo
1052 2481 1293 2571 conspicienda
1310 2502 1398 2553 meo.

479 2747 559 2806 tituli
577 2658 948 2821 priaBsazzoeuarrationem
967 2746 1035 2806 vida
1054 2764 1100 2821 ap.
1115 2746 1287 2807 Heuzauum
1301 2748 1378 2810 Aru.
1392 2747 1453 2808 dell
1466 2747 1547 2810 'lust
1563 2748 1635 2808 1865
1648 2761 1671 2818 p.

413 2840 430 2898 6
451 2854 523 2912 sqq.;
543 2834 581 2898 cf.
599 2836 777 2910 Marquardt
795 2837 854 2897 Prt
873 2832 904 2895 1⁹
923 2853 953 2909 p.
975 2839 1036 2895 178
1055 2841 1116 2897 rot.
1136 2841 1165 2903 4,

488 3133 493 3143 .
1014 3070 1104 3140 823.

410 3174 494 3247 XIV
523 3177 625 3247 2302
655 3196 739 3265 ager
765 3174 923 3246 Albanus
1470 3196 1504 3247 a.
1523 3196 1557 3265 p.
1576 3173 1612 3248 0.
1632 3175 1665 3242 ll

517 3317 555 3390 O.
575 3318 684 3390 Iulius
703 3321 795 3408 Aug.
815 3318 936 3389 liberti
959 3311 966 3418 Ι
990 3316 1139 3390 libertus
1160 3318 1251 3389 Eros
1276 3311 1281 3418 Ι
1305 3320 1417 3410 pistor
1444 3307 1669 3411 candidariust

515 3462 579 3534 per
605 3464 723 3534 annos,
753 3463 839 3533 quos
861 3443 954 3514 iuter
977 3435 984 3541 Ι
1007 3442 1172 3514 mortales
1190 3440 1259 3513 fuit
1276 3450 1357 3515 ante
1375 3464 1453 3515 eum
1472 3443 1575 3536 diem,
1597 3439 1603 3538 Ι
1623 3440 1670 3531 qui

515 3565 583 3639 luit
609 3568 660 3640 VI
686 3568 765 3639 idus
793 3568 892 3657 Mai,
921 3567 1011 3638 vixit
1035 3565 1040 3659 Ι
1064 3588 1171 3639 anuos
1199 3568 1242 3640 L.
1266 3567 1369 3639 huius
1396 3570 1548 3641 sacrarit
1570 3563 1575 3668 Ι
1596 3564 1670 3638 Iulia
1767 3603 1768 3608 =

516 3690 695 3784 Glaphyro
713 3691 895 3764 colliberta
920 3683 926 3791 Ι
951 3698 987 3762 et
1005 3693 1184 3782 praestitit
1202 3691 1315 3764 officia
1339 3687 1344 3790 Ι

476 3873 504 3931 2.
523 3885 599 3947 quos
616 3865 637 3929 i.
655 3886 694 3929 ua
702 3866 783 3949 fuit,
812 3875 840 3930 4.
853 3865 1020 3947 praestitit
1042 3864 1145 3949 officia
1167 3886 1183 3929 a
1202 3868 1333 3930 metriaia
1361 3868 1499 3929 ridentur
1527 3870 1669 3942 desumpta

408 3957 445 4021 cl.
463 3960 542 4033 XIV,
561 3962 657 4019 3838:
684 3974 762 4035 quae
779 3975 898 4037 semper
915 3953 1037 4019 meritis
1049 3955 1215 4036 praestilit
1237 3954 1348 4039 officia
1375 3960 1466 4018 etiam
1494 3953 1624 4021 mutui
1645 3954 1669 4012 ir

407 4049 541 4109 clausola
557 4049 722 4109 hexametri
741 4065 829 4122 saepe
848 4049 1033 4110 observatur.

407 4388 491 4460 XIV
520 4391 621 4461 2485
652 4387 940 4460 Castrimoenium
1009 4284 1099 4353 824·

620 4532 659 4604 Ο.
681 4530 810 4603 Herius
830 4532 932 4604 Felix
951 4531 1144 4623 patremus)
1169 4525 1174 4630 Ι
1199 4530 1329 4603 Heriae
1347 4530 1510 4621 Helpinis
1533 4528 1540 4629 Ι

513 4656 569 4728 hie
587 4662 641 4727 est
658 4655 718 4727 ille
737 4657 825 4728 situs
843 4657 973 4729 Herius
991 4655 1093 4728 Felix
1112 4654 1381 4748 coaequalib(us)
1399 4656 1563 4744 cuncteis,

511 4782 592 4871 quei
610 4780 721 4851 veixit
738 4801 846 4851 anuos
864 4781 1003 4871 viginti,
