3642 5559
1431 468 1467 517 111

179 664 332 755 cbetype
347 667 465 736 tamen
482 662 618 754 poetica
635 682 656 734 a
674 661 902 753 scriptoribus
921 683 996 733 esse
1018 660 1176 735 adbibita
1202 662 1289 734 satis
1316 666 1464 754 constet;

179 792 300 881 itaque
317 811 363 861 ne
380 789 623 862 omitterentur
640 788 845 860 curavimus.

263 914 296 988 E
323 914 535 987 christianae
562 919 664 986 notae
690 913 803 985 titulis
831 933 889 986 eos
916 917 1051 985 tantum
1077 911 1212 1006 admisi,
1242 914 1302 1003 qui
1329 932 1465 1004 pagana

181 1040 397 1132 exemplaria
426 1040 646 1130 aliquatenus
672 1039 864 1112 imitantur:
895 1059 1101 1129 quamquam
1127 1039 1246 1129 plures
1272 1039 1379 1111 etiam
1406 1060 1467 1130 po-

180 1168 294 1239 tuisse
311 1165 421 1257 recipi
439 1163 569 1238 infitias
585 1186 654 1238 nou
672 1184 724 1238 eo.

264 1292 307 1363 In
329 1290 475 1381 singulis
491 1290 664 1382 capitibus
682 1290 834 1363 locorum
851 1291 999 1362 maxime
1016 1289 1186 1362 rationem
1204 1288 1319 1382 habui,
1340 1288 1466 1361 deinde

180 1417 324 1509 aetatis,
344 1422 381 1488 et
402 1415 506 1489 huius
524 1437 606 1489 saue
624 1416 736 1506 quoad
754 1413 830 1488 fieri
843 1416 967 1507 potuit:
989 1416 1116 1507 quippe
1135 1436 1236 1505 quam
1256 1415 1357 1505 longe
1375 1413 1491 1486 diiii«

182 1542 341 1615 cilionem
363 1562 439 1616 esse
466 1539 611 1614 definitu
638 1562 741 1632 quam
768 1541 849 1613 olim
877 1541 1064 1614 Huebnero
1074 1539 1100 1634 ¹)
1126 1540 1298 1632 placuerit
1326 1540 1385 1612 vix
1414 1545 1468 1612 est

183 1668 278 1759 quod
295 1687 461 1740 moneam.

265 1794 307 1866 In
333 1793 515 1865 titulorum
542 1792 695 1884 ipsorum
717 1792 801 1864 crisi
819 1791 1057 1874 emendatione
1075 1790 1305 1883 explicatione
1324 1791 1468 1863 restitu·
1587 1813 1589 1818 ¹

184 1920 281 1991 tione
300 1939 387 2007 quae
406 1924 544 1990 secutus
562 1918 627 1989 sim
645 1923 831 2009 praccepta
852 1939 871 1990 a
899 1916 989 1989 libro
1017 1916 1204 1990 evolvendo
1231 1916 1335 1988 credo
1353 1924 1468 2007 appa-

183 2045 288 2116 rebit:
309 2065 387 2115 nam
405 2048 442 2115 et
459 2042 679 2134 comparandi
696 2042 825 2114 rationi
842 2063 930 2132 quae
948 2043 1124 2133 hucusque
1142 2041 1173 2112 si
1192 2062 1260 2114 non
1277 2041 1469 2134 prinoipem

186 2177 302 2241 tamen
321 2168 415 2240 iuter
432 2167 609 2260 principes
627 2168 738 2240 locum
752 2172 849 2240 tenet
863 2168 984 2241 debita
1000 2167 1164 2246 solvenda
1180 2187 1257 2239 esse
1276 2167 1359 2238 duri
1377 2172 1414 2239 et
1432 2167 1469 2238 iu

186 2313 390 2384 unoquoque
407 2293 483 2365 fere
500 2294 650 2366 carmine
670 2292 831 2384 quidnam
849 2292 1016 2366 voluisset
1033 2293 1143 2384 ipsius
1156 2297 1276 2365 auctor
1293 2293 1466 2385 persequi,

193 2423 353 2509 quantum
372 2424 467 2492 certe
485 2420 521 2489 in
540 2440 593 2490 me
612 2417 731 2508 fuerit,
750 2418 837 2491 mibi
853 2417 1028 2509 proposui.

268 2544 333 2616 Est
360 2564 442 2616 saue
461 2543 520 2615 ubi
537 2542 747 2635 apographis
764 2544 850 2616 meis
868 2542 1070 2634 ectypisque
1089 2563 1133 2614 ex
1151 2540 1277 2613 itinere
1296 2541 1417 2613 Italico
1435 2563 1468 2613 a.
1610 2629 1614 2638 .

187 2669 223 2742 b.
244 2692 272 2740 s.
292 2668 458 2742 XXOVII
474 2709 515 2721 -
529 2667 712 2742 XXGVIII
737 2668 926 2759 reportatis
952 2665 1092 2740 adiutus
1120 2665 1164 2738 ad
1191 2666 1375 2755 genuinam
1397 2665 1468 2737 lec-

185 2796 318 2868 tionem
343 2794 423 2867 aliis
449 2795 591 2886 propius
613 2793 799 2867 accessisse
818 2793 904 2864 mibi
923 2792 1052 2886 ridear,
1073 2790 1135 2864 sed
1152 2791 1216 2863 boo
1234 2809 1343 2880 genus
1361 2812 1470 2881 pauca

186 2925 278 2993 suut.
867 3015 874 3026 Ι

267 3044 323 3116 Ex
340 3044 538 3117 auctoribus
556 3044 674 3118 latinis
692 3044 845 3117 cumina
862 3042 1069 3135 sepulcralia
1087 3039 1216 3132 colligi,
1236 3040 1328 3130 quod
1340 3061 1362 3112 a
1374 3040 1469 3112 nullo

185 3171 368 3244 doctorum
394 3170 546 3243 virorum
569 3169 761 3261 perfectum
781 3175 845 3263 est,
866 3191 942 3241 cum
961 3169 1008 3240 sit
1026 3167 1188 3259 perutile,
1208 3185 1307 3238 raras
1325 3166 1389 3237 otii
1407 3165 1468 3237 bo-

184 3318 246 3368 ras
264 3295 320 3367 his
339 3294 471 3366 ultimis
488 3296 587 3367 aunis
605 3296 744 3385 negotio
762 3294 816 3366 illi
833 3293 1011 3384 insumpsi:
1032 3311 1121 3383 quae
1135 3291 1345 3364 collectanea
1362 3311 1469 3382 prope

183 3420 347 3492 absoluta
364 3425 404 3491 ut
421 3441 483 3492 suo
499 3425 655 3510 tempore
672 3419 841 3511 prodeant
858 3417 997 3491 curabo.

268 3544 342 3615 Iam
368 3544 466 3616 cuius
493 3545 685 3636 sumptibus
712 3565 797 3635 opus
824 3549 980 3614 nostrum
1002 3540 1249 3631 qualecumque
1265 3539 1470 3632 impressum

183 3675 243 3741 est
262 3669 457 3741 litterarum
477 3668 650 3742 Facultati
668 3675 833 3760 qnantum
852 3668 998 3741 babeam
1013 3667 1147 3757 gratiae
1161 3665 1385 3739 habiturusve
1405 3665 1470 3738 sim

183 3795 289 3887 plane
316 3814 449 3885 nequeo
476 3793 617 3886 profari:
648 3794 735 3867 sciat
762 3800 798 3867 et
826 3794 885 3867 ille
913 3795 979 3886 vir,
1008 3793 1106 3864 ouius
1127 3792 1292 3884 auspiciis
1309 3797 1390 3863 ante
1408 3792 1471 3864 bos

183 3941 295 3992 annos
313 3918 416 3992 XVII
434 3921 583 4011 primum
601 3921 644 3998 ad
663 3919 777 3991 studia
796 3920 1020 4011 epigrapbica
1036 3918 1166 3991 accessi
1182 3917 1347 4008 cuiusque
1365 3917 1470 3990 ductu

185 4045 355 4118 benevolo
373 4044 416 4117 ad
434 4046 521 4118 bauo
540 4067 647 4138 usque
666 4047 786 4118 boram
804 4045 918 4117 iuvari
937 4065 1004 4116 non
1022 4043 1153 4136 destiti,
1174 4062 1261 4134 quae
1280 4043 1334 4115 bis
1352 4043 1471 4135 paucis

183 4169 305 4243 verbis
323 4169 470 4242 dixerim
488 4172 581 4261 grati
600 4192 735 4263 semper
753 4172 859 4244 animi
878 4191 954 4244 esse
971 4167 1219 4242 testimonium.

243 4485 269 4556 ll
282 4484 336 4540 Era
352 4500 404 4541 scr.
419 4501 461 4555 ep.
475 4486 494 4540 l.
509 4502 531 4544 a.
546 4502 579 4555 c,
593 4485 641 4555 qui
655 4491 747 4542 tamen
762 4501 842 4556 quem
857 4484 1032 4540 constituerit
1045 4481 1167 4539 ordinem
1180 4482 1402 4554 chronologicum
1419 4481 1470 4537 mi·

180 4577 261 4634 nime
273 4574 450 4648 premendum
464 4590 527 4632 esso
540 4575 599 4646 ipse
613 4581 714 4632 monet.
