3642 5559
901 432 1115 501 -392-

475 641 629 732 dign(u)s
647 642 698 713 ita
716 641 863 731 geminis
881 640 1027 712 ducibus
1046 641 1220 713 consortia
1239 662 1337 714 sacra

580 767 792 857 participare
809 764 902 857 fidei,
924 765 1067 837 consiliu
1085 787 1220 857 regere,

366 909 383 962 u
474 891 538 962 hoc
555 890 647 962 iaaet
664 891 702 961 in
719 889 865 979 tumulo,
884 890 1064 983 proprium
1084 891 1140 962 cui
1159 910 1283 962 nomen
1302 891 1445 963 Amanti

580 1014 721 1086 venturi
738 1015 856 1087 meriti
875 1014 1060 1106 pr(a)escia
1078 1035 1182 1087 eausa
1200 1015 1308 1088 dedit.

475 1140 530 1212 bis
549 1139 646 1212 denis
663 1138 756 1211 binis
773 1139 910 1231 pupulis
929 1140 1135 1231 priulesedit
1151 1140 1188 1210 in
1207 1141 1323 1230 annis3

581 1266 612 1336 si
630 1284 698 1335 non
716 1265 912 1357 migrasset,
934 1264 1011 1336 laus
1030 1273 1106 1337 erat
1123 1265 1192 1336 ista
1208 1266 1334 1337 minor.

436 1438 472 1481 ex
489 1424 615 1498 paganis
632 1423 727 1482 multa
744 1423 909 1498 desumpta.

368 1600 406 1661 ab
425 1506 561 1663 31me
558 1529 632 1663 upra
640 1507 718 1593 fide,
764 1517 792 1574 3.
810 1513 974 1588 requiritur
991 1508 1073 1586 itam
1120 1517 1149 1575 5.
1176 1508 1313 1574 mati
1338 1518 1439 1588 polest
1464 1529 1531 1573 esse
1557 1520 1660 1588 genai.

971 1765 1061 1837 937.

367 1866 402 1939 V
431 1870 533 1940 4905
565 1867 685 1941 Sabini

581 2012 621 2084 P.
642 2011 784 2084 Atinius
801 2010 844 2083 L.
864 2010 889 2082 i.
910 2010 998 2083 Fab.
1023 2002 1030 2110 Ι
1054 2012 1111 2084 hic
1129 2012 1219 2083 situs
1237 2018 1293 2083 est
1315 2005 1322 2111 Ι

477 2135 508 2206 si
526 2133 631 2227 lutus,
651 2136 683 2208 si
700 2136 816 2229 pulvis
834 2136 952 2208 tardat
969 2143 1005 2207 te
1022 2135 1126 2227 forte,
1145 2138 1271 2228 matur,

582 2258 681 2331 arida
699 2260 773 2332 sive
792 2261 870 2332 sitis
888 2282 979 2333 nunu
997 2262 1064 2333 tibi
1082 2262 1152 2335 iter
1169 2262 1306 2350 minuit,

475 2382 632 2473 perlege:
653 2403 731 2456 uum
749 2384 786 2457 in
804 2385 981 2476 patrialm)
999 2384 1123 2455 tulerit
1141 2392 1176 2456 te
1196 2382 1435 2477 demeruisti,

368 2527 385 2577 a
581 2511 622 2578 ut
639 2508 818 2598 requietus
837 2530 943 2600 queas
962 2508 1075 2581 dicere
1095 2530 1198 2599 saepe
1216 2510 1301 2580 tuis:

476 2629 619 2703 «linibus
637 2630 759 2705 Italiae
777 2640 1035 2704 monumentum
1054 2633 1126 2706 vidi
1145 2632 1319 2726 Voberna,

582 2757 619 2828 in
637 2777 705 2847 quo
724 2763 778 2829 est
795 2757 895 2829 Atini
914 2758 1089 2830 conditum
1111 2758 1250 2852 [eorpus
1273 2758 1341 2853 aa]

438 3007 467 3063 4.
485 2915 731 3081 inpulrliu9iiaiis3
778 3009 806 3067 6.
824 3005 852 3066 lu
870 3022 896 3067 a.
921 3001 1086 3082 Veniamne,
1105 3005 1235 3066 sednon
1257 3005 1439 3078 mutandum
1486 2975 1517 3067 7.
1534 3004 1570 3066 in
1598 3024 1660 3085 qao

369 3087 462 3151 Atiae?
490 3107 599 3171 eorpus
624 3089 768 3155 eadum
794 3092 935 3155 exanime
960 3096 1098 3155 Alciatus
1134 3096 1328 3170 interpolans
1355 3095 1556 3155 scandendum
1586 3094 1661 3160 fort.

370 3177 497 3241 conditu
515 3182 769 3257 supplendumque
787 3198 899 3262 eorpus
918 3191 951 3243 ut
968 3202 1067 3259 supra,
1085 3185 1162 3245 certi
1180 3186 1280 3244 tamen
1298 3184 1373 3244 nihil
1390 3186 1499 3247 inveni.

973 3402 1063 3473 938.

369 3500 404 3573 V
434 3505 535 3576 5595
564 3503 714 3576 Sibrium

476 3645 519 3718 L.
540 3646 678 3719 Sentius
695 3646 737 3719 L.
754 3646 778 3721 f.
799 3646 878 3722 Ouf.
906 3641 912 3749 Ι
936 3650 1046 3740 Niger
1064 3648 1235 3742 signifer)
1259 3646 1266 3749 Ι
1289 3650 1358 3741 leg.
1378 3650 1449 3721 1111
1466 3650 1633 3739 Septieae
1651 3644 1659 3748 Ι

585 3771 642 3844 hie
660 3773 774 3863 natus,
794 3772 851 3845 hle
869 3774 957 3845 situs
975 3775 1029 3845 est

438 3934 467 3990 2.
485 3929 615 4003 tripudia
632 3930 760 3991 iambica
778 3932 878 3993 nescia
896 3950 935 3992 an
952 3930 1085 3995 fortuita.

973 4150 1061 4219 939.

371 4266 404 4338 V
434 4272 535 4341 5719
565 4289 650 4359 ager
676 4268 960 4341 Mediolaniensis

477 4412 553 4501 hoc,
574 4412 634 4502 qni
653 4413 741 4483 scire
760 4413 870 4503 cupis,
890 4414 1027 4484 iaceant
1045 4435 1132 4505 quae
1152 4414 1304 4487 membra
1322 4415 1516 4509 sepulchra,

584 4535 707 4625 disces,
728 4535 809 4609 dum
826 4536 962 4628 relegas
980 4538 1043 4609 hos
1061 4538 1161 4610 modu
1180 4539 1380 4612 versiculus.

805 4697 926 4758 «desunt
943 4704 1083 4773 quattuor
1100 4716 1217 4760 versus>

439 4786 467 4842 2.
485 4783 573 4858 iunge
591 4779 665 4845 dum
682 4780 778 4847 modo.
