3642 5559
720 448 934 517 ..13-

292 657 447 746 coniugis
466 664 501 727 et
518 657 614 749 m(e)i
633 679 677 748 po
702 650 708 757 l
733 660 787 730 sui
806 659 997 732 stilibatam
1015 682 1120 733 causa
1141 683 1222 736 arae
1247 657 1253 765 Ι

292 782 486 853 viatoribus

183 917 202 969 a
679 907 767 979 bene
786 910 971 980 concordes

399 1033 523 1103 vivite:
544 1032 691 1104 vivendo
709 1032 749 1104 fit
767 1035 880 1105 minus
898 1057 968 1107 una
986 1036 1071 1106 dica.

291 1165 521 1228 commemora
539 1163 653 1228 tecum
672 1218 762 1243 -
788 1158 837 1229 nil
856 1160 1087 1231 stomacandi:

397 1281 484 1354 haec
504 1282 603 1353 nobis
621 1282 767 1376 d(omus)
787 1288 972 1374 perpetua!

252 1490 460 1566 2.mcmoriu;
507 1491 708 1568 3.mi‚lapis.

253 1585 338 1642 5—8
356 1583 458 1642 lacera
474 1583 565 1644 habes
584 1584 718 1643 membra
736 1584 931 1645 distichorum
950 1584 1083 1647 duorum.
1190 1667 1192 1671 ι

791 1820 852 1888 32.

180 1972 236 2044 111
265 1975 366 2045 2609
389 2005 437 2036 =
461 1978 564 2048 2964
586 2007 634 2038 --
658 1979 759 2049 9418
789 1977 937 2050 Salonac

289 2135 419 2208 Vitalis
444 2129 449 2236 1
474 2136 606 2207 Pieridi
630 2128 636 2235 1
660 2137 702 2207 L.
723 2136 890 2226 Pomponi
909 2138 1057 2208 Pietatis
1076 2140 1230 2230 ver(nae)
1254 2134 1259 2238 1
1284 2140 1318 2211 b.
1338 2162 1383 2212 m.

397 2262 509 2334 Pieris
528 2263 592 2333 hoc
610 2261 743 2333 tumulo
761 2262 907 2352 tegitur,
927 2262 970 2333 de
989 2269 1099 2333 matre
1118 2263 1276 2334 ‘Venusta

503 2392 601 2458 sexto
620 2391 702 2457 nata
720 2386 795 2457 loco
813 2408 901 2476 quae
921 2385 989 2456 fuit
1009 2410 1028 2457 0
1046 2388 1202 2478 reliquis,

395 2511 545 2582 nondum
564 2511 690 2600 viginti
708 2510 843 2582 iuvenis
862 2511 1095 2600 compleverat
1114 2532 1233 2599 annos,

504 2636 583 2724 quoi
602 2655 738 2723 quoque
756 2634 941 2723 virginitas
960 2656 1070 2725 nuper
1088 2635 1248 2726 adempta
1265 2633 1343 2725 fuit,

395 2765 565 2849 grataque
583 2757 727 2830 florebat
748 2759 881 2830 cunctis
899 2759 1104 2830 mortalibus
1124 2767 1232 2851 actas

503 2905 605 2973 quam
623 2883 711 2954 Fors
729 2883 773 2954 ad
792 2904 934 2973 superos
952 2884 1064 2954 noluit
1083 2905 1158 2955 esse
1178 2884 1249 2955 diu.

394 3031 463 3081 non
481 3008 594 3099 pudor
610 3007 692 3080 huic
711 3007 843 3100 aberat,
863 3009 976 3097 pietas
994 3029 1062 3077 non
1080 3014 1182 3096 grata
1199 3011 1346 3098 parenti,

502 3154 569 3203 non
589 3153 684 3203 amor
701 3133 738 3202 in
756 3129 883 3203 fratres
902 3133 977 3202 eius
996 3152 1121 3202 avarus
1140 3137 1230 3203 erat:

316 3293 320 3300 ·
394 3278 474 3329 cara
492 3256 560 3327 fuit
579 3263 690 3328 mater
708 3255 847 3327 fuerant
865 3276 1034 3345 caraeque
1054 3277 1189 3326 sorores

502 3387 537 3452 et
555 3383 614 3471 pia
632 3382 792 3471 coniugio
810 3387 978 3470 grataque
997 3401 1134 3470 semper
1152 3385 1237 3450 erat.

391 3506 508 3578 invida
525 3506 657 3577 Pieridi
675 3528 752 3577 curn
771 3506 866 3577 venit
883 3503 1022 3576 letifera
1040 3506 1139 3593 horn,

500 3651 568 3721 qua
586 3630 706 3702 cubuit
723 3630 820 3700 molli
838 3628 1003 3718 languida
1022 3650 1124 3718 saepe
1143 3635 1231 3717 toro,

393 3757 480 3827 hanc
499 3756 652 3845 Atropos
669 3756 786 3844 rapuit
804 3755 1037 3843 Lachesisque
1056 3759 1092 3824 et
1110 3754 1216 3824 tertia
1235 3751 1374 3825 Clotho:

499 3879 619 3950 infelix
637 3886 749 3950 mater
767 3879 860 3949 tollit
879 3879 924 3949 ad
943 3886 1037 3950 astra
1055 3899 1189 3967 manus,

393 4005 596 4093 incusatque
615 4005 708 4093 deos,
729 4005 864 4075 incusat
883 4005 1029 4093 denique
1048 4003 1188 4092 Parcas,

499 4151 588 4219 quac
606 4131 713 4200 ritum
731 4135 877 4219 pensant
896 4149 1050 4219 quaeque
1070 4127 1187 4198 futura
1206 4132 1344 4199 canunt.

390 4254 568 4344 inplerunt
587 4252 715 4324 fratres
734 4254 869 4343 magnis
887 4253 1078 4342 mugitibus
1097 4272 1199 4321 auras

496 4387 531 4450 01
550 4381 663 4450 cuncti
682 4378 811 4450 flebant
829 4399 892 4448 nec
911 4378 1025 4448 minus
1046 4384 1126 4448 ante
1145 4398 1279 4466 rogum.

390 4505 475 4575 hacc
494 4501 562 4573 fuit
580 4503 624 4574 ad
643 4502 812 4573 tumulum
831 4502 979 4573 miserae
998 4523 1064 4571 vox
1084 4500 1206 4572 ultima
1223 4502 1357 4589 matris

497 4648 575 4698 ossa
593 4626 696 4697 simul
714 4627 803 4697 vidit
820 4626 941 4698 tabida
960 4625 1123 4696 Pieridis:

390 4752 496 4824 «hauc
513 4750 649 4823 Humus
668 4751 806 4842 excepit
824 4748 961 4841 leviter,
981 4771 1114 4840 precor,
1134 4749 1196 4821 illa
1214 4755 1427 4840 prematque,
