<?xml version="1.0" encoding="UTF-8"?>
<!DOCTYPE html PUBLIC "-//W3C//DTD XHTML 1.0 Transitional//EN"
    "http://www.w3.org/TR/xhtml1/DTD/xhtml1-transitional.dtd">
<html xmlns="http://www.w3.org/1999/xhtml" xml:lang="en" lang="en">
 <head>
  <title>
</title>
<meta http-equiv="Content-Type" content="text/html;charset=utf-8" />
  <meta name='ocr-system' content='tesseract 3.04.00' />
  <meta name='ocr-capabilities' content='ocr_page ocr_carea ocr_par ocr_line ocrx_word'/>
</head>
<body>
  <div class='ocr_page' id='page_1' title='image "./carminasepulcra01cholgoog_0053.png"; bbox 0 0 3642 5559; ppageno 0'>
   <div class='ocr_carea' id='block_1_1' title="bbox 733 467 947 538">
    <p class='ocr_par' dir='ltr' id='par_1_1' title="bbox 733 467 947 538">
     <span class='ocr_line' id='line_1_1' title="bbox 733 467 947 538; baseline 0 -22"><span class='ocrx_word' id='word_1_1' title='bbox 733 467 947 538; x_wconf 74' lang='lat'>..39-</span> 
     </span>
    </p>
   </div>
   <div class='ocr_carea' id='block_1_2' title="bbox 196 666 1481 928">
    <p class='ocr_par' dir='ltr' id='par_1_2' title="bbox 196 666 1481 928">
     <span class='ocr_line' id='line_1_2' title="bbox 198 666 1481 750; baseline 0.006 -22"><span class='ocrx_word' id='word_1_2' title='bbox 198 669 351 742; x_wconf 85' lang='lat' dir='ltr'>mutabile,</span> <span class='ocrx_word' id='word_1_3' title='bbox 378 669 415 729; x_wconf 83' lang='lat' dir='ltr'>cf.</span> <span class='ocrx_word' id='word_1_4' title='bbox 446 666 540 732; x_wconf 80' lang='lat' dir='ltr'><strong><em>Riese</em></strong></span> <span class='ocrx_word' id='word_1_5' title='bbox 568 670 606 730; x_wconf 89' lang='lat' dir='ltr'>ad</span> <span class='ocrx_word' id='word_1_6' title='bbox 626 671 733 733; x_wconf 86' lang='lat' dir='ltr'>Catuli.</span> <span class='ocrx_word' id='word_1_7' title='bbox 753 675 782 746; x_wconf 83' lang='lat'>8,</span> <span class='ocrx_word' id='word_1_8' title='bbox 804 675 842 732; x_wconf 87' lang='lat'>15</span> <span class='ocrx_word' id='word_1_9' title='bbox 863 672 903 750; x_wconf 88' lang='lat' dir='ltr'>(p.</span> <span class='ocrx_word' id='word_1_10' title='bbox 926 673 988 750; x_wconf 86' lang='grc'>19);</span> <span class='ocrx_word' id='word_1_11' title='bbox 1035 677 1132 734; x_wconf 86' lang='grc'><strong>6-7.</strong></span> <span class='ocrx_word' id='word_1_12' title='bbox 1152 680 1252 748; x_wconf 80' lang='lat' dir='ltr'><strong>sperat</strong></span> <span class='ocrx_word' id='word_1_13' title='bbox 1278 673 1345 735; x_wconf 83' lang='lat' dir='ltr'>fort</span> <span class='ocrx_word' id='word_1_14' title='bbox 1374 678 1481 736; x_wconf 89' lang='lat' dir='ltr'>mulier</span> 
     </span>
     <span class='ocr_line' id='line_1_3' title="bbox 196 759 1480 928; baseline 0.009 -112"><span class='ocrx_word' id='word_1_15' title='bbox 196 759 310 908; x_wconf 40' lang='lat'>3211&amp;</span> <span class='ocrx_word' id='word_1_16' title='bbox 316 759 443 928; x_wconf 40' lang='lat' dir='ltr'>zlgoermam</span> <span class='ocrx_word' id='word_1_17' title='bbox 472 777 594 820; x_wconf 82' lang='lat' dir='ltr'>uxorem</span> <span class='ocrx_word' id='word_1_18' title='bbox 622 777 681 820; x_wconf 93' lang='lat' dir='ltr'>non</span> <span class='ocrx_word' id='word_1_19' title='bbox 709 761 875 834; x_wconf 83' lang='lat' dir='ltr'>ducturum,</span> <span class='ocrx_word' id='word_1_20' title='bbox 894 760 931 823; x_wconf 83' lang='lat' dir='ltr'>cl.</span> <span class='ocrx_word' id='word_1_21' title='bbox 950 762 1028 834; x_wconf 83' lang='lat' dir='ltr'><strong>VIII,</strong></span> <span class='ocrx_word' id='word_1_22' title='bbox 1051 765 1166 834; x_wconf 76' lang='lat'><strong>167373</strong></span> <span class='ocrx_word' id='word_1_23' title='bbox 1195 771 1363 838; x_wconf 79' lang='lat' dir='ltr'>exspectem</span> <span class='ocrx_word' id='word_1_24' title='bbox 1384 781 1480 842; x_wconf 82' lang='lat' dir='ltr'>prae·</span> 
     </span>
    </p>
   </div>
   <div class='ocr_carea' id='block_1_3' title="bbox 197 1031 872 1224">
    <p class='ocr_par' dir='ltr' id='par_1_3' title="bbox 197 1031 872 1224">
     <span class='ocr_line' id='line_1_4' title="bbox 810 1031 872 1101; baseline -0.048 0"><span class='ocrx_word' id='word_1_25' title='bbox 810 1031 872 1101; x_wconf 88' lang='grc'>93.</span> 
     </span>
     <span class='ocr_line' id='line_1_5' title="bbox 197 1149 548 1224; baseline 0.006 -3"><span class='ocrx_word' id='word_1_26' title='bbox 197 1149 253 1221; x_wconf 86' lang='lat' dir='ltr'>VI</span> <span class='ocrx_word' id='word_1_27' title='bbox 283 1152 409 1224; x_wconf 83' lang='grc'>12652</span> <span class='ocrx_word' id='word_1_28' title='bbox 439 1153 548 1224; x_wconf 89' lang='lat' dir='ltr'>Roma</span> 
     </span>
    </p>
   </div>
   <div class='ocr_carea' id='block_1_4' title="bbox 304 1289 1480 4872">
    <p class='ocr_par' dir='ltr' id='par_1_4' title="bbox 304 1289 1480 4872">
     <span class='ocr_line' id='line_1_6' title="bbox 306 1289 1480 1394; baseline 0.002 -27"><span class='ocrx_word' id='word_1_29' title='bbox 306 1295 493 1384; x_wconf 87' lang='lat' dir='ltr'>Atimetus,</span> <span class='ocrx_word' id='word_1_30' title='bbox 513 1295 688 1386; x_wconf 81' lang='lat' dir='ltr'>Pamphili</span> <span class='ocrx_word' id='word_1_31' title='bbox 712 1289 718 1394; x_wconf 76' lang='lat' dir='ltr'>l</span> <span class='ocrx_word' id='word_1_32' title='bbox 743 1295 797 1367; x_wconf 90' lang='lat' dir='ltr'>Ti.</span> <span class='ocrx_word' id='word_1_33' title='bbox 817 1294 976 1368; x_wconf 78' lang='lat' dir='ltr'>Caesaris</span> <span class='ocrx_word' id='word_1_34' title='bbox 990 1295 1081 1387; x_wconf 83' lang='lat' dir='ltr'>Aug.</span> <span class='ocrx_word' id='word_1_35' title='bbox 1097 1296 1120 1368; x_wconf 93' lang='lat' dir='ltr'>l.</span> <span class='ocrx_word' id='word_1_36' title='bbox 1137 1298 1175 1388; x_wconf 88' lang='lat' dir='ltr'>l.,</span> <span class='ocrx_word' id='word_1_37' title='bbox 1201 1299 1207 1390; x_wconf 76' lang='lat' dir='ltr'>l</span> <span class='ocrx_word' id='word_1_38' title='bbox 1231 1299 1480 1370; x_wconf 88' lang='lat' dir='ltr'>Anterotiauus</span> 
     </span>
     <span class='ocr_line' id='line_1_7' title="bbox 306 1410 1478 1523; baseline 0.002 -33"><span class='ocrx_word' id='word_1_39' title='bbox 306 1418 375 1490; x_wconf 85' lang='lat' dir='ltr'>sibi</span> <span class='ocrx_word' id='word_1_40' title='bbox 394 1427 430 1491; x_wconf 91' lang='lat' dir='ltr'>et</span> <span class='ocrx_word' id='word_1_41' title='bbox 449 1419 613 1493; x_wconf 75' lang='lat' dir='ltr'>Claudite</span> <span class='ocrx_word' id='word_1_42' title='bbox 632 1418 853 1491; x_wconf 88' lang='lat' dir='ltr'>Homonoeae</span> <span class='ocrx_word' id='word_1_43' title='bbox 874 1410 881 1519; x_wconf 73' lang='grc' dir='ltr'>Ι</span> <span class='ocrx_word' id='word_1_44' title='bbox 901 1420 1114 1494; x_wconf 85' lang='lat' dir='ltr'>conlibertae</span> <span class='ocrx_word' id='word_1_45' title='bbox 1134 1430 1170 1493; x_wconf 91' lang='lat' dir='ltr'>et</span> <span class='ocrx_word' id='word_1_46' title='bbox 1190 1415 1195 1523; x_wconf 88' lang='grc' dir='ltr'>Ι</span> <span class='ocrx_word' id='word_1_47' title='bbox 1214 1422 1453 1494; x_wconf 79' lang='lat' dir='ltr'>contubernali</span> <span class='ocrx_word' id='word_1_48' title='bbox 1472 1414 1478 1520; x_wconf 90' lang='grc' dir='ltr'>Ι</span> 
     </span>
     <span class='ocr_line' id='line_1_8' title="bbox 520 1562 796 1622; baseline 0 -2"><span class='ocrx_word' id='word_1_49' title='bbox 520 1562 593 1621; x_wconf 91' lang='lat' dir='ltr'>dicit</span> <span class='ocrx_word' id='word_1_50' title='bbox 611 1562 796 1622; x_wconf 88' lang='lat' dir='ltr'>Homonoea:</span> 
     </span>
     <span class='ocr_line' id='line_1_9' title="bbox 304 1670 1103 1762; baseline 0.004 -21"><span class='ocrx_word' id='word_1_51' title='bbox 304 1675 357 1760; x_wconf 91' lang='lat' dir='ltr'>tn,</span> <span class='ocrx_word' id='word_1_52' title='bbox 377 1671 437 1760; x_wconf 88' lang='lat' dir='ltr'>qui</span> <span class='ocrx_word' id='word_1_53' title='bbox 456 1691 577 1743; x_wconf 89' lang='lat' dir='ltr'>secura</span> <span class='ocrx_word' id='word_1_54' title='bbox 595 1670 752 1761; x_wconf 84' lang='lat' dir='ltr'>procedis</span> <span class='ocrx_word' id='word_1_55' title='bbox 770 1678 897 1760; x_wconf 88' lang='lat' dir='ltr'>mente,</span> <span class='ocrx_word' id='word_1_56' title='bbox 916 1692 1103 1762; x_wconf 84' lang='lat' dir='ltr'>parumper</span> 
     </span>
     <span class='ocr_line' id='line_1_10' title="bbox 414 1795 1266 1888; baseline 0.002 -22"><span class='ocrx_word' id='word_1_57' title='bbox 414 1795 497 1866; x_wconf 84' lang='lat' dir='ltr'>siste</span> <span class='ocrx_word' id='word_1_58' title='bbox 517 1796 673 1885; x_wconf 85' lang='lat' dir='ltr'>gradmn,</span> <span class='ocrx_word' id='word_1_59' title='bbox 693 1815 831 1885; x_wconf 85' lang='lat' dir='ltr'>quaeso,</span> <span class='ocrx_word' id='word_1_60' title='bbox 851 1796 1026 1884; x_wconf 89' lang='lat' dir='ltr'>verbaque</span> <span class='ocrx_word' id='word_1_61' title='bbox 1045 1818 1156 1888; x_wconf 87' lang='lat' dir='ltr'>pauca</span> <span class='ocrx_word' id='word_1_62' title='bbox 1174 1798 1266 1888; x_wconf 84' lang='lat' dir='ltr'>lege:</span> 
     </span>
     <span class='ocr_line' id='line_1_11' title="bbox 305 1917 1178 2013; baseline 0.002 -23"><span class='ocrx_word' id='word_1_63' title='bbox 305 1919 368 1991; x_wconf 92' lang='lat' dir='ltr'>illa</span> <span class='ocrx_word' id='word_1_64' title='bbox 386 1941 462 2010; x_wconf 84' lang='lat' dir='ltr'>ego,</span> <span class='ocrx_word' id='word_1_65' title='bbox 484 1940 573 2009; x_wconf 88' lang='lat' dir='ltr'>quae</span> <span class='ocrx_word' id='word_1_66' title='bbox 593 1919 695 1991; x_wconf 89' lang='lat' dir='ltr'>claris</span> <span class='ocrx_word' id='word_1_67' title='bbox 714 1917 847 1991; x_wconf 88' lang='lat' dir='ltr'>fueram</span> <span class='ocrx_word' id='word_1_68' title='bbox 865 1919 1025 2010; x_wconf 88' lang='lat' dir='ltr'>praelata</span> <span class='ocrx_word' id='word_1_69' title='bbox 1042 1922 1178 2013; x_wconf 74' lang='lat' dir='ltr'>pneIIiS,</span> 
     </span>
     <span class='ocr_line' id='line_1_12' title="bbox 412 2042 1228 2135; baseline 0.005 -21"><span class='ocrx_word' id='word_1_70' title='bbox 412 2044 477 2115; x_wconf 91' lang='lat' dir='ltr'>hoc</span> <span class='ocrx_word' id='word_1_71' title='bbox 495 2043 695 2117; x_wconf 88' lang='lat' dir='ltr'>Homonoea</span> <span class='ocrx_word' id='word_1_72' title='bbox 714 2042 813 2114; x_wconf 85' lang='lat' dir='ltr'>brevi</span> <span class='ocrx_word' id='word_1_73' title='bbox 832 2044 972 2115; x_wconf 89' lang='lat' dir='ltr'>condita</span> <span class='ocrx_word' id='word_1_74' title='bbox 990 2065 1066 2116; x_wconf 91' lang='lat' dir='ltr'>sum</span> <span class='ocrx_word' id='word_1_75' title='bbox 1082 2046 1228 2135; x_wconf 87' lang='lat' dir='ltr'>tumulo,</span> 
     </span>
     <span class='ocr_line' id='line_1_13' title="bbox 305 2167 1228 2262; baseline 0.001 -22"><span class='ocrx_word' id='word_1_76' title='bbox 305 2170 361 2241; x_wconf 88' lang='lat' dir='ltr'>cui</span> <span class='ocrx_word' id='word_1_77' title='bbox 379 2168 523 2240; x_wconf 86' lang='lat' dir='ltr'>formam</span> <span class='ocrx_word' id='word_1_78' title='bbox 542 2169 688 2259; x_wconf 84' lang='lat' dir='ltr'>Paphie,</span> <span class='ocrx_word' id='word_1_79' title='bbox 708 2169 867 2242; x_wconf 86' lang='lat' dir='ltr'>Charites</span> <span class='ocrx_word' id='word_1_80' title='bbox 885 2167 1041 2240; x_wconf 89' lang='lat' dir='ltr'>tribuere</span> <span class='ocrx_word' id='word_1_81' title='bbox 1059 2169 1228 2262; x_wconf 90' lang='lat' dir='ltr'>decorem,</span> 
     </span>
     <span class='ocr_line' id='line_1_14' title="bbox 412 2292 1111 2383; baseline 0.001 -19"><span class='ocrx_word' id='word_1_82' title='bbox 412 2315 515 2383; x_wconf 88' lang='lat' dir='ltr'>quam</span> <span class='ocrx_word' id='word_1_83' title='bbox 532 2292 648 2366; x_wconf 87' lang='lat' dir='ltr'>Pallas</span> <span class='ocrx_word' id='word_1_84' title='bbox 668 2293 800 2364; x_wconf 83' lang='lat' dir='ltr'>cunctIs</span> <span class='ocrx_word' id='word_1_85' title='bbox 818 2292 953 2364; x_wconf 87' lang='lat' dir='ltr'>artibus</span> <span class='ocrx_word' id='word_1_86' title='bbox 971 2294 1111 2365; x_wconf 87' lang='lat' dir='ltr'>erudiit.</span> 
     </span>
     <span class='ocr_line' id='line_1_15' title="bbox 307 2417 1155 2489; baseline -0.002 0"><span class='ocrx_word' id='word_1_87' title='bbox 307 2417 456 2489; x_wconf 88' lang='lat' dir='ltr'>nondum</span> <span class='ocrx_word' id='word_1_88' title='bbox 474 2417 528 2489; x_wconf 88' lang='lat' dir='ltr'>bis</span> <span class='ocrx_word' id='word_1_89' title='bbox 546 2418 652 2488; x_wconf 91' lang='lat' dir='ltr'>denos</span> <span class='ocrx_word' id='word_1_90' title='bbox 670 2424 765 2488; x_wconf 86' lang='lat' dir='ltr'>aetas</span> <span class='ocrx_word' id='word_1_91' title='bbox 784 2438 860 2489; x_wconf 92' lang='lat' dir='ltr'>mea</span> <span class='ocrx_word' id='word_1_92' title='bbox 877 2417 1015 2489; x_wconf 78' lang='lat' dir='ltr'>viderat</span> <span class='ocrx_word' id='word_1_93' title='bbox 1032 2439 1155 2489; x_wconf 91' lang='lat' dir='ltr'>annos:</span> 
     </span>
     <span class='ocr_line' id='line_1_16' title="bbox 412 2541 1160 2617; baseline 0.005 -4"><span class='ocrx_word' id='word_1_94' title='bbox 412 2544 561 2615; x_wconf 82' lang='lat' dir='ltr'>inlecere</span> <span class='ocrx_word' id='word_1_95' title='bbox 579 2562 700 2613; x_wconf 89' lang='lat' dir='ltr'>manus</span> <span class='ocrx_word' id='word_1_96' title='bbox 718 2542 838 2613; x_wconf 84' lang='lat' dir='ltr'>inuida</span> <span class='ocrx_word' id='word_1_97' title='bbox 855 2541 930 2614; x_wconf 89' lang='lat' dir='ltr'>fata</span> <span class='ocrx_word' id='word_1_98' title='bbox 946 2542 1048 2615; x_wconf 89' lang='lat' dir='ltr'>mihi!</span> <span class='ocrx_word' id='word_1_99' title='bbox 1156 2611 1160 2617; x_wconf 91' lang='lat'>.</span> 
     </span>
     <span class='ocr_line' id='line_1_17' title="bbox 305 2667 1318 2759; baseline 0 -20"><span class='ocrx_word' id='word_1_100' title='bbox 305 2689 369 2739; x_wconf 89' lang='lat' dir='ltr'>nec</span> <span class='ocrx_word' id='word_1_101' title='bbox 386 2689 448 2759; x_wconf 92' lang='lat' dir='ltr'>pro</span> <span class='ocrx_word' id='word_1_102' title='bbox 467 2689 521 2738; x_wconf 91' lang='lat' dir='ltr'>me</span> <span class='ocrx_word' id='word_1_103' title='bbox 541 2687 667 2756; x_wconf 91' lang='lat' dir='ltr'>queror</span> <span class='ocrx_word' id='word_1_104' title='bbox 685 2668 760 2738; x_wconf 88' lang='lat' dir='ltr'>hoc:</span> <span class='ocrx_word' id='word_1_105' title='bbox 781 2673 892 2737; x_wconf 89' lang='lat' dir='ltr'>morte</span> <span class='ocrx_word' id='word_1_106' title='bbox 910 2673 965 2737; x_wconf 92' lang='lat' dir='ltr'>est</span> <span class='ocrx_word' id='word_1_107' title='bbox 983 2667 1068 2740; x_wconf 90' lang='lat' dir='ltr'>mihi</span> <span class='ocrx_word' id='word_1_108' title='bbox 1086 2667 1222 2738; x_wconf 78' lang='lat' dir='ltr'>trirtior</span> <span class='ocrx_word' id='word_1_109' title='bbox 1240 2668 1318 2757; x_wconf 87' lang='lat' dir='ltr'>ipsa</span> 
     </span>
     <span class='ocr_line' id='line_1_18' title="bbox 411 2790 1065 2881; baseline -0.003 -17"><span class='ocrx_word' id='word_1_110' title='bbox 411 2812 547 2864; x_wconf 89' lang='lat' dir='ltr'>maeror</span> <span class='ocrx_word' id='word_1_111' title='bbox 564 2792 710 2862; x_wconf 90' lang='lat' dir='ltr'>Atimeti</span> <span class='ocrx_word' id='word_1_112' title='bbox 729 2791 885 2881; x_wconf 84' lang='lat' dir='ltr'>coniugis</span> <span class='ocrx_word' id='word_1_113' title='bbox 904 2790 965 2863; x_wconf 91' lang='lat' dir='ltr'>ille</span> <span class='ocrx_word' id='word_1_114' title='bbox 982 2792 1065 2862; x_wconf 86' lang='lat' dir='ltr'>mei!</span> 
     </span>
     <span class='ocr_line' id='line_1_19' title="bbox 518 2931 805 3006; baseline -0.007 -15"><span class='ocrx_word' id='word_1_115' title='bbox 518 2931 679 3006; x_wconf 86' lang='lat' dir='ltr'>respondet</span> <span class='ocrx_word' id='word_1_116' title='bbox 696 2932 805 2991; x_wconf 80' lang='lat' dir='ltr'>viator:</span> 
     </span>
     <span class='ocr_line' id='line_1_20' title="bbox 307 3038 1138 3128; baseline 0 -18"><span class='ocrx_word' id='word_1_117' title='bbox 307 3038 353 3110; x_wconf 89' lang='lat' dir='ltr'>sit</span> <span class='ocrx_word' id='word_1_118' title='bbox 370 3038 436 3110; x_wconf 91' lang='lat' dir='ltr'>tibi</span> <span class='ocrx_word' id='word_1_119' title='bbox 454 3045 550 3110; x_wconf 87' lang='lat' dir='ltr'>terra</span> <span class='ocrx_word' id='word_1_120' title='bbox 568 3038 667 3128; x_wconf 82' lang='lat' dir='ltr'>levio,</span> <span class='ocrx_word' id='word_1_121' title='bbox 688 3039 813 3109; x_wconf 91' lang='lat' dir='ltr'>mulier</span> <span class='ocrx_word' id='word_1_122' title='bbox 831 3038 1035 3128; x_wconf 83' lang='lat' dir='ltr'>dignissima</span> <span class='ocrx_word' id='word_1_123' title='bbox 1052 3039 1138 3127; x_wconf 83' lang='lat' dir='ltr'>rita,</span> 
     </span>
     <span class='ocr_line' id='line_1_21' title="bbox 412 3162 1128 3255; baseline 0.001 -21"><span class='ocrx_word' id='word_1_124' title='bbox 412 3184 568 3255; x_wconf 88' lang='lat' dir='ltr'>quaeque</span> <span class='ocrx_word' id='word_1_125' title='bbox 587 3165 657 3235; x_wconf 90' lang='lat' dir='ltr'>tuis</span> <span class='ocrx_word' id='word_1_126' title='bbox 676 3163 757 3236; x_wconf 91' lang='lat' dir='ltr'>olim</span> <span class='ocrx_word' id='word_1_127' title='bbox 775 3162 996 3253; x_wconf 82' lang='lat' dir='ltr'>perfruerere</span> <span class='ocrx_word' id='word_1_128' title='bbox 1014 3164 1128 3235; x_wconf 87' lang='lat' dir='ltr'>bonis!</span> 
     </span>
     <span class='ocr_line' id='line_1_22' title="bbox 520 3305 770 3365; baseline -0.004 -1"><span class='ocrx_word' id='word_1_129' title='bbox 520 3305 593 3364; x_wconf 90' lang='lat' dir='ltr'>dicit</span> <span class='ocrx_word' id='word_1_130' title='bbox 609 3307 770 3365; x_wconf 82' lang='lat' dir='ltr'>Atimetus:</span> 
     </span>
     <span class='ocr_line' id='line_1_23' title="bbox 307 3409 1100 3504; baseline -0.004 -19"><span class='ocrx_word' id='word_1_131' title='bbox 307 3414 337 3485; x_wconf 83' lang='lat' dir='ltr'>ai</span> <span class='ocrx_word' id='word_1_132' title='bbox 355 3434 501 3504; x_wconf 86' lang='lat' dir='ltr'>pensare</span> <span class='ocrx_word' id='word_1_133' title='bbox 521 3413 652 3484; x_wconf 84' lang='lat' dir='ltr'>animes</span> <span class='ocrx_word' id='word_1_134' title='bbox 671 3412 826 3482; x_wconf 81' lang='lat' dir='ltr'>uiuerent</span> <span class='ocrx_word' id='word_1_135' title='bbox 843 3410 998 3483; x_wconf 83' lang='lat' dir='ltr'>crudelia</span> <span class='ocrx_word' id='word_1_136' title='bbox 1016 3409 1100 3500; x_wconf 87' lang='lat' dir='ltr'>fata,</span> 
     </span>
     <span class='ocr_line' id='line_1_24' title="bbox 413 3535 1111 3627; baseline -0.004 -19"><span class='ocrx_word' id='word_1_137' title='bbox 413 3544 448 3608; x_wconf 91' lang='lat' dir='ltr'>et</span> <span class='ocrx_word' id='word_1_138' title='bbox 467 3543 584 3627; x_wconf 89' lang='lat' dir='ltr'>posset</span> <span class='ocrx_word' id='word_1_139' title='bbox 602 3536 728 3608; x_wconf 91' lang='lat' dir='ltr'>redimi</span> <span class='ocrx_word' id='word_1_140' title='bbox 745 3544 855 3607; x_wconf 89' lang='lat' dir='ltr'>morte</span> <span class='ocrx_word' id='word_1_141' title='bbox 875 3536 988 3607; x_wconf 87' lang='lat' dir='ltr'>aliena</span> <span class='ocrx_word' id='word_1_142' title='bbox 1006 3535 1111 3627; x_wconf 88' lang='lat' dir='ltr'>salus,</span> 
     </span>
     <span class='ocr_line' id='line_1_25' title="bbox 306 3662 1218 3753; baseline -0.002 -20"><span class='ocrx_word' id='word_1_143' title='bbox 306 3662 618 3753; x_wconf 86' lang='lat' dir='ltr'>quantulacumque</span> <span class='ocrx_word' id='word_1_144' title='bbox 636 3682 732 3733; x_wconf 88' lang='lat' dir='ltr'>meae</span> <span class='ocrx_word' id='word_1_145' title='bbox 751 3662 921 3733; x_wconf 90' lang='lat' dir='ltr'>debentur</span> <span class='ocrx_word' id='word_1_146' title='bbox 939 3662 1218 3750; x_wconf 65' lang='lat' dir='ltr'>temperandae,</span> 
     </span>
     <span class='ocr_line' id='line_1_26' title="bbox 413 3785 1236 3877; baseline 0.001 -20"><span class='ocrx_word' id='word_1_147' title='bbox 413 3807 610 3877; x_wconf 83' lang='lat' dir='ltr'>pensassem</span> <span class='ocrx_word' id='word_1_148' title='bbox 628 3807 692 3876; x_wconf 90' lang='lat' dir='ltr'>pro</span> <span class='ocrx_word' id='word_1_149' title='bbox 711 3791 758 3874; x_wconf 85' lang='lat' dir='ltr'>te,</span> <span class='ocrx_word' id='word_1_150' title='bbox 779 3807 860 3857; x_wconf 88' lang='lat' dir='ltr'>cara</span> <span class='ocrx_word' id='word_1_151' title='bbox 877 3786 1088 3876; x_wconf 89' lang='lat' dir='ltr'>Homonoea,</span> <span class='ocrx_word' id='word_1_152' title='bbox 1108 3785 1236 3858; x_wconf 88' lang='lat' dir='ltr'>libens!</span> 
     </span>
     <span class='ocr_line' id='line_1_27' title="bbox 307 3908 1271 4002; baseline -0.003 -20"><span class='ocrx_word' id='word_1_153' title='bbox 307 3916 344 3982; x_wconf 88' lang='lat' dir='ltr'>at</span> <span class='ocrx_word' id='word_1_154' title='bbox 361 3933 463 4002; x_wconf 86' lang='lat' dir='ltr'>nunc,</span> <span class='ocrx_word' id='word_1_155' title='bbox 483 3911 574 4001; x_wconf 91' lang='lat' dir='ltr'>quod</span> <span class='ocrx_word' id='word_1_156' title='bbox 592 3931 742 4000; x_wconf 89' lang='lat' dir='ltr'>possum,</span> <span class='ocrx_word' id='word_1_157' title='bbox 762 3910 894 4000; x_wconf 86' lang='lat' dir='ltr'>fugiam</span> <span class='ocrx_word' id='word_1_158' title='bbox 914 3909 1091 3999; x_wconf 88' lang='lat' dir='ltr'>lucemque</span> <span class='ocrx_word' id='word_1_159' title='bbox 1111 3908 1271 3998; x_wconf 82' lang='lat' dir='ltr'>deosque,</span> 
     </span>
     <span class='ocr_line' id='line_1_28' title="bbox 413 4034 1157 4125; baseline -0.003 -18"><span class='ocrx_word' id='word_1_160' title='bbox 413 4042 453 4107; x_wconf 89' lang='lat' dir='ltr'>ut</span> <span class='ocrx_word' id='word_1_161' title='bbox 470 4042 506 4107; x_wconf 88' lang='lat' dir='ltr'>te</span> <span class='ocrx_word' id='word_1_162' title='bbox 526 4041 662 4107; x_wconf 90' lang='lat' dir='ltr'>matura</span> <span class='ocrx_word' id='word_1_163' title='bbox 679 4057 743 4125; x_wconf 88' lang='lat' dir='ltr'>per</span> <span class='ocrx_word' id='word_1_164' title='bbox 762 4034 873 4125; x_wconf 84' lang='lat' dir='ltr'>Styga</span> <span class='ocrx_word' id='word_1_165' title='bbox 890 4040 1001 4106; x_wconf 91' lang='lat' dir='ltr'>morte</span> <span class='ocrx_word' id='word_1_166' title='bbox 1020 4055 1157 4124; x_wconf 85' lang='lat' dir='ltr'>sequar.</span> 
     </span>
     <span class='ocr_line' id='line_1_29' title="bbox 519 4176 882 4250; baseline -0.003 -15"><span class='ocrx_word' id='word_1_167' title='bbox 519 4176 679 4250; x_wconf 87' lang='lat' dir='ltr'>respondet</span> <span class='ocrx_word' id='word_1_168' title='bbox 697 4177 882 4236; x_wconf 83' lang='lat' dir='ltr'>Homonoea:</span> 
     </span>
     <span class='ocr_line' id='line_1_30' title="bbox 307 4281 1183 4374; baseline -0.006 -18"><span class='ocrx_word' id='word_1_169' title='bbox 307 4291 534 4374; x_wconf 72' lang='lat' dir='ltr'>porcetum,</span> <span class='ocrx_word' id='word_1_170' title='bbox 555 4285 690 4374; x_wconf 58' lang='lat' dir='ltr'>conium</span> <span class='ocrx_word' id='word_1_171' title='bbox 709 4281 794 4354; x_wconf 90' lang='lat' dir='ltr'>fletu</span> <span class='ocrx_word' id='word_1_172' title='bbox 813 4304 978 4374; x_wconf 87' lang='lat' dir='ltr'>quassare</span> <span class='ocrx_word' id='word_1_173' title='bbox 996 4284 1183 4370; x_wconf 87' lang='lat' dir='ltr'>iuventam,</span> 
     </span>
     <span class='ocr_line' id='line_1_31' title="bbox 413 4407 1071 4498; baseline -0.005 -18"><span class='ocrx_word' id='word_1_174' title='bbox 413 4408 553 4498; x_wconf 86' lang='lat' dir='ltr'>latoque</span> <span class='ocrx_word' id='word_1_175' title='bbox 571 4407 754 4479; x_wconf 90' lang='lat' dir='ltr'>maerendo</span> <span class='ocrx_word' id='word_1_176' title='bbox 773 4407 963 4479; x_wconf 87' lang='lat' dir='ltr'>sollicitare</span> <span class='ocrx_word' id='word_1_177' title='bbox 980 4410 1071 4477; x_wconf 89' lang='lat' dir='ltr'>mea!</span> 
     </span>
     <span class='ocr_line' id='line_1_32' title="bbox 307 4529 1201 4623; baseline -0.003 -20"><span class='ocrx_word' id='word_1_178' title='bbox 307 4532 357 4603; x_wconf 90' lang='lat' dir='ltr'>nil</span> <span class='ocrx_word' id='word_1_179' title='bbox 374 4539 520 4623; x_wconf 89' lang='lat' dir='ltr'>prosunt</span> <span class='ocrx_word' id='word_1_180' title='bbox 539 4533 702 4604; x_wconf 82' lang='lat' dir='ltr'>lacrimae</span> <span class='ocrx_word' id='word_1_181' title='bbox 720 4551 784 4603; x_wconf 89' lang='lat' dir='ltr'>nec</span> <span class='ocrx_word' id='word_1_182' title='bbox 801 4537 946 4622; x_wconf 91' lang='lat' dir='ltr'>possunt</span> <span class='ocrx_word' id='word_1_183' title='bbox 964 4529 1037 4601; x_wconf 88' lang='lat' dir='ltr'>lata</span> <span class='ocrx_word' id='word_1_184' title='bbox 1055 4531 1201 4618; x_wconf 82' lang='lat' dir='ltr'>moveri3</span> 
     </span>
     <span class='ocr_line' id='line_1_33' title="bbox 412 4649 1261 4728; baseline -0.001 0"><span class='ocrx_word' id='word_1_185' title='bbox 412 4657 576 4728; x_wconf 80' lang='lat' dir='ltr'>viximus!</span> <span class='ocrx_word' id='word_1_186' title='bbox 596 4656 653 4727; x_wconf 91' lang='lat' dir='ltr'>hic</span> <span class='ocrx_word' id='word_1_187' title='bbox 671 4658 780 4727; x_wconf 89' lang='lat' dir='ltr'>omnis</span> <span class='ocrx_word' id='word_1_188' title='bbox 797 4656 912 4726; x_wconf 84' lang='lat' dir='ltr'>exitus</span> <span class='ocrx_word' id='word_1_189' title='bbox 930 4675 1018 4725; x_wconf 93' lang='lat' dir='ltr'>unus</span> <span class='ocrx_word' id='word_1_190' title='bbox 1036 4653 1157 4727; x_wconf 87' lang='lat' dir='ltr'>habet!</span> <span class='ocrx_word' id='word_1_191' title='bbox 1258 4649 1261 4657; x_wconf 76' lang='grc'><strong>’</strong></span> 
     </span>
     <span class='ocr_line' id='line_1_34' title="bbox 307 4778 1298 4872; baseline -0.002 -20"><span class='ocrx_word' id='word_1_192' title='bbox 307 4784 425 4872; x_wconf 87' lang='lat' dir='ltr'>parce!</span> <span class='ocrx_word' id='word_1_193' title='bbox 445 4780 497 4851; x_wconf 91' lang='lat' dir='ltr'>ita</span> <span class='ocrx_word' id='word_1_194' title='bbox 515 4801 583 4850; x_wconf 92' lang='lat' dir='ltr'>uon</span> <span class='ocrx_word' id='word_1_195' title='bbox 601 4801 751 4870; x_wconf 89' lang='lat' dir='ltr'>unquam</span> <span class='ocrx_word' id='word_1_196' title='bbox 769 4780 916 4851; x_wconf 88' lang='lat' dir='ltr'>similem</span> <span class='ocrx_word' id='word_1_197' title='bbox 934 4779 1114 4868; x_wconf 82' lang='lat' dir='ltr'>experIare</span> <span class='ocrx_word' id='word_1_198' title='bbox 1134 4778 1298 4869; x_wconf 84' lang='lat' dir='ltr'>dolorem,</span> 
     </span>
    </p>
   </div>
   <div class='ocr_carea' id='block_1_5' title="bbox 0 0 1826 5559">
    <p class='ocr_par' dir='ltr' id='par_1_5' title="bbox 0 0 1826 5559">
     <span class='ocr_line' id='line_1_35' title="bbox 0 0 1826 5559; baseline 0 0"><span class='ocrx_word' id='word_1_199' title='bbox 0 0 1826 5559; x_wconf 95' lang='lat' dir='ltr'> </span> 
     </span>
    </p>
   </div>
  </div>
 </body>
</html>
