3642 5559
903 471 1115 540 ..22-

477 683 538 755 sed
557 703 621 773 ego
639 681 773 773 infelix,
793 683 853 772 qui
871 687 907 752 te
925 680 1031 753 talem
1051 682 1148 752 carui
1167 703 1245 753 eece
1263 681 1376 770 modo,

374 805 378 812 ’
477 809 631 882 frunitus
651 808 821 880 sexdecim
840 807 939 877 annis
958 808 1118 877 castitate
1137 812 1174 876 et
1191 827 1307 878 amore
1325 807 1390 878 tui.

371 921 375 932 ⁸
583 957 617 1006 v.
642 956 677 1025 p.
707 955 743 1025 p.
772 932 899 1004 Vibius
924 925 930 1031 Ι
954 931 1168 1003 Verissimus
1192 924 1197 1031 Ι
1222 932 1360 1020 coniugi
1388 932 1651 1023 incomparabili

371 1073 405 1125 10
584 1065 620 1130 et
638 1058 706 1130 eibi
730 1054 736 1156 Ι
760 1057 933 1147 Euphilus
952 1056 1129 1147 Simplicio
1154 1049 1160 1155 Ι

441 1241 468 1297 1.
487 1237 602 1310 signum
630 1236 762 1294 mulieris
790 1229 982 1312 Simplicium
1008 1232 1088 1292 redit
1114 1234 1148 1306 V,
1169 1237 1270 1304 trem
1311 1232 1478 1293 declinatur
1504 1241 1538 1294 ut
1564 1236 1650 1295 virile

370 1319 558 1403 Simplicitas:
601 1327 629 1385 5.
648 1325 736 1399 iunge
754 1319 808 1385 elle
825 1319 879 1400 pai
891 1340 944 1401 pr.
954 1319 1033 1403 fuid
1080 1327 1108 1383 6.
1126 1328 1312 1396 pentameter
1329 1324 1501 1397 requirebat
1512 1325 1651 1403 ponered

372 1419 400 1475 7.
420 1418 449 1476 8.
469 1416 566 1474 exitus
584 1415 656 1474 item
674 1418 936 1488 pentametrorum.

370 1734 423 1807 Vl
455 1738 553 1808 1779
583 1735 692 1807 Roma
983 1632 1044 1701 55·
1135 1756 1162 1807 e.
1183 1736 1234 1808 IV
1253 1756 1306 1806 ex.
1326 1757 1360 1826 p.
1383 1734 1434 1828 0,
1455 1759 1484 1809 c.
1505 1759 1536 1810 a.
1560 1742 1649 1812 384.

846 1877 982 1949 Besie
1009 1879 1179 1968 Agorii

958 2020 981 2090 d
1029 2042 1063 2091 m

478 2162 619 2234 Vettius
636 2161 788 2252 Agorius
815 2163 1073 2251 Praetextatus,
1100 2157 1105 2261 Ι
1129 2183 1252 2252 augur,
1272 2161 1464 2256 p[o]ntifex
1482 2163 1623 2252 Vestae,
1647 2158 1652 2262 Ι

477 2285 635 2379 pontifex
663 2285 787 2380 Sel[is]
818 2292 889 2358 cett
900 2340 1019 2359 ......
1041 2293 1076 2357 et
1094 2286 1227 2358 Aeonis
1244 2287 1354 2359 Fabia
1371 2288 1516 2360 Paulina
1535 2310 1564 2361 e.
1584 2287 1623 2377 l,
1645 2278 1651 2393 Ι

477 2417 614 2484 sacrato
632 2409 753 2484 Cereri
771 2417 807 2482 et
825 2410 1014 2482 Eleusiniis
1038 2403 1044 2510 Ι
1069 2417 1168 2482 cett.
1192 2468 1199 2482 .
1223 2467 1261 2484 ..
1291 2413 1328 2484 hi
1347 2414 1521 2485 coniuncti
1548 2414 1655 2486 simul

477 2538 641 2610 vixerunt
659 2558 738 2607 ann.
758 2535 822 2607 XL
847 2528 852 2635 Ι

691 2661 878 2751 loquitur
904 2662 1077 2733 maritus
1105 2661 1337 2735 defunctus:

584 2786 743 2877 Paulina,
763 2786 874 2856 nostri
891 2788 1043 2875 pectoris
1062 2789 1245 2876 consortio,

585 2909 693 2982 fomes
711 2910 865 3000 pudoris,
886 2912 1058 2982 eastitatis
1077 2912 1264 3003 vinculum,

586 3056 750 3125 amorque
768 3056 877 3125 purus
896 3042 933 3105 et
950 3034 1034 3106 fides
1053 3036 1148 3107 eaelo
1168 3044 1255 3126 sota,

586 3180 711 3232 arcana
729 3160 856 3230 mentis
874 3160 930 3231 oui
949 3160 1085 3232 reclusa
1103 3161 1245 3253 credidi,

585 3305 708 3355 munus
727 3284 880 3375 deorum,
901 3286 961 3373 qui
979 3285 1174 3356 maritalem
1192 3292 1304 3356 torum

586 3415 729 3480 nectunt
747 3409 867 3481 amicis
886 3415 922 3478 et
940 3409 1075 3498 pudicis
1094 3410 1251 3498 nexibus

585 3534 716 3624 pietate
735 3535 868 3623 matris,
889 3534 1063 3624 coniugali
1081 3536 1207 3624 gratia,

589 3679 678 3731 nexu
697 3660 836 3749 sororis,
857 3657 950 3729 filiae
967 3659 1148 3748 modestia,

588 3789 624 3853 et
643 3790 773 3873 quanta
791 3782 911 3854 amieis
930 3784 1107 3873 iungimur
1124 3783 1260 3875 fiducia,

586 3908 712 3978 aetatis
731 3929 808 3997 usu,
829 3907 1051 3979 consecrandi
1070 3907 1220 3998 foedere,

585 4033 661 4122 iugi
679 4030 786 4121 fideli,
807 4032 954 4122 simplici
974 4033 1155 4104 eoncordia

587 4158 710 4228 iuvans
727 4158 903 4247 meritum,
925 4157 1085 4247 diligens,
1106 4179 1242 4248 ornans,
1263 4157 1393 4231 colens!

710 4280 932 4371 respondet
959 4303 1058 4352 uxor
1087 4289 1313 4372 superstes:

588 4404 768 4498 splelndor
786 4412 970 4496 parentum
989 4406 1038 4476 nil
1056 4407 1142 4477 mihi
1160 4407 1272 4479 maius
1290 4406 1398 4497 dedit,

586 4529 704 4622 quam]
727 4531 817 4618 quod
835 4532 960 4603 marito
979 4531 1085 4620 digna
1102 4531 1172 4602 iam
1191 4539 1265 4602 tum
1283 4533 1360 4604 vise
1378 4553 1465 4603 sum.

584 4652 663 4745 s]ed
681 4653 798 4725 lumen
816 4676 914 4726 omne
933 4655 990 4726 vel
1009 4655 1124 4746 decus,
1145 4678 1269 4728 nomen
1288 4658 1367 4748 viri,

585 4777 708 4870 Agori,
729 4781 877 4869 superbo
896 4781 956 4869 qui
974 4786 1111 4853 creatus
1130 4783 1296 4871 germine,
