3642 5559
364 495 388 543 ll

444 686 546 763 Haud
565 707 647 758 sane
665 685 807 775 ignarus
824 704 920 757 eram
936 683 1125 756 carminum
1144 681 1442 773 epigraphicorum
1469 680 1644 755 collectio·

365 835 444 902 nom
462 811 707 904 amplissimam
735 832 756 882 a
782 810 996 882 Buechelero
1024 808 1152 881 dudum
1179 808 1306 901 parari,
1335 808 1432 879 cuius
1459 805 1647 898 specimina

366 943 495 1029 quanta
521 936 648 1027 ubique
676 942 849 1008 terrarum
874 935 1102 1008 admiratione
1129 939 1275 1026 excepta
1301 931 1372 1005 sint
1398 953 1464 1006 non
1483 931 1646 1023 estquod

366 1085 531 1136 moneam.
551 1061 684 1135 Studiis
703 1082 849 1151 namque
867 1060 1052 1133 altioribus
1071 1059 1306 1152 epigraphicis
1330 1060 1480 1132 maxime
1507 1058 1645 1149 palaeo-

366 1187 608 1280 graphicisque
626 1191 666 1258 ιιι
684 1187 855 1281 initiarer,
886 1185 1079 1259 Facultatis
1107 1190 1246 1259 nostrae
1268 1205 1309 1258 ac
1326 1184 1519 1257 Ministerii
1536 1184 1646 1254 inme-

365 1315 436 1386 rita
453 1311 693 1386 benevolentia
709 1332 800 1384 anno
818 1312 853 1385 h.
874 1333 901 1384 s.
923 1310 1071 1385 XXGVI
1098 1311 1251 1382 Bonnam
1273 1309 1355 1403 adii,
1375 1309 1436 1382 uhi
1452 1331 1475 1382 a
1492 1309 1569 1382 uiro
1586 1309 1647 1381 illo

367 1461 435 1529 qua
455 1437 531 1510 fieri
549 1438 593 1511 ab
611 1459 652 1510 eo
679 1438 767 1510 solet
794 1437 958 1510 comitate
987 1442 1152 1528 exceptus
1178 1435 1468 1509 Buechelerianae
1496 1436 1646 1528 sylloges

366 1564 535 1638 rationem
553 1563 801 1653 materiamque
815 1584 956 1636 noscere
970 1562 1077 1635 didici
1091 1562 1323 1652 admiratique
1332 1561 1452 1634 eodem
1460 1560 1563 1634 credo
1573 1567 1646 1633 stu·

367 1691 436 1784 dio,
457 1709 524 1780 quo
542 1710 630 1762 nunc
648 1689 814 1781 impresso
832 1695 980 1780 utroque
998 1687 1170 1760 volumine
1197 1687 1288 1760 idem
1315 1687 1359 1760 ab
1387 1686 1545 1759 omnibus
1571 1685 1648 1759 fieri

367 1819 512 1890 constat.
540 1815 618 1887 Non
645 1819 761 1887 tamen
789 1813 913 1887 inutile
942 1813 1026 1885 duxi
1048 1812 1084 1885 in
1104 1813 1222 1885 labore
1241 1832 1477 1906 perseverare,
1496 1834 1574 1886 cum
1592 1831 1646 1884 se·

367 1942 565 2034 pulcrorum
591 1940 713 2012 titulos
740 1940 902 2012 metricos
929 1944 967 2012 et
995 1959 1137 2011 numero
1165 1938 1225 2029 qui
1251 1939 1458 2029 colligantur
1486 1944 1522 2010 et
1543 1958 1647 2026 argu·

368 2071 484 2139 mento
513 2065 636 2156 dignos
663 2086 739 2138 esse
767 2085 835 2137 non
862 2065 956 2136 solus
978 2066 1043 2135 sim
1061 2064 1121 2155 qui
1139 2063 1243 2137 sciam
1262 2085 1406 2153 cumque
1424 2083 1541 2136 musae
1559 2064 1647 2153 lapi·

368 2193 485 2265 dariae
513 2190 716 2283 sepulcralis
741 2190 870 2262 latinae
897 2190 1080 2261 historiam
1106 2210 1308 2281 componere
1327 2189 1546 2281 iampridem
1563 2187 1649 2259 mihi

368 2318 616 2411 proposuerim.
655 2314 787 2387 Verum
823 2316 1040 2405 aliquatenus
1066 2316 1111 2388 ab
1138 2316 1275 2407 incepto
1301 2314 1440 2409 recessi,
1467 2313 1650 2405 qnodhcc

368 2442 542 2515 volumine
561 2463 619 2514 ecs
637 2417 772 2513 tantum
789 2440 911 2512 titulos
928 2441 1170 2532 comprehendi
1188 2442 1248 2532 qni
1261 2441 1299 2512 in
1309 2440 1461 2531 Corpore
1479 2440 1547 2512 iam
1566 2438 1649 2511 locis

370 2568 442 2639 suis
460 2568 632 2656 leguntur:
652 2586 731 2638 narn
750 2565 817 2638 etsi
836 2585 953 2637 omnes
971 2566 1045 2638 fere
1065 2567 1124 2656 qui
1146 2565 1309 2657 Corporis
1331 2565 1481 2657 plagulis
1501 2563 1649 2636 nondum

369 2691 523 2764 mandati
549 2712 613 2782 per
640 2689 877 2783 ephemeridas
897 2692 1093 2782 scriptaque
1112 2691 1336 2782 epigraphica
1352 2691 1463 2781 sparsi
1482 2696 1562 2761 sunt
1580 2690 1647 2760 cir·

370 2819 460 2889 citer
479 2815 535 2889 GC
552 2815 713 2888 collectos
731 2816 775 2886 ad
793 2837 930 2888 manum
948 2817 1070 2910 habeo,
1090 2816 1272 2888 maximam
1289 2823 1405 2887 tamen
1428 2836 1545 2887 eorum
1569 2835 1648 2906 par-

370 2951 440 3016 tem
458 2964 527 3014 non
545 2962 613 3031 qua
631 2961 694 3032 par
707 2946 784 3013 erat
798 2941 982 3031 diligentia
998 2942 1190 3032 descriptos
1207 2942 1351 3014 collatos
1368 2940 1556 3031 castigatos
1575 2960 1650 3012 esse

370 3069 480 3143 cuivis
497 3072 643 3160 apparet
661 3089 725 3139 nec
743 3087 843 3158 posse
861 3089 943 3141 sane
961 3068 1085 3140 molem
1103 3068 1197 3140 illam
1216 3066 1421 3140 emendandi
1440 3067 1484 3139 ab
1502 3088 1569 3138 uno
1587 3066 1648 3136 ho-

370 3195 463 3267 mine
480 3215 501 3264 a
517 3192 632 3265 titulis
650 3192 736 3283 ipsis
753 3192 873 3284 procul
891 3192 1039 3283 degente
1059 3192 1198 3286 suscipi,
1219 3214 1306 3283 quae
1324 3214 1346 3265 a
1364 3199 1500 3265 centum
1521 3190 1596 3264 lere
1614 3190 1650 3261 in

372 3319 524 3410 Corpore
541 3315 749 3391 conficiendo
767 3318 942 3408 occupatis
968 3317 1079 3389 soleat
1106 3317 1282 3391 sustineri.
1312 3316 1463 3405 Quorum
1489 3336 1650 3405 magnum

371 3443 550 3517 admodum
569 3442 795 3515 numernmin
807 3442 962 3533 syllogen
981 3463 1078 3513 suam
1096 3443 1289 3515 Buecheler
1306 3442 1439 3533 recepit
1456 3447 1550 3513 certe
1569 3461 1650 3531 ope-

370 3571 421 3641 ris
438 3567 645 3660 plenitudini
662 3567 886 3658 prospiciens:
916 3566 1075 3657 equidem
1098 3567 1134 3640 id
1152 3567 1229 3659 cepi
1246 3567 1392 3660 consilii,
1412 3571 1451 3639 ut
1468 3564 1651 3639 voluminis

371 3695 457 3768 XIII
478 3694 568 3784 quod
589 3713 670 3766 mox
695 3691 826 3785 publici
853 3693 940 3764 iuris
967 3691 1096 3765 factum
1123 3692 1169 3764 iri
1196 3698 1331 3766 constet
1357 3691 1509 3765 carmina
1535 3688 1651 3781 sepul·

371 3818 480 3893 oralia
496 3819 574 3910 plus
590 3816 741 3890 minusG
750 3817 918 3908 peculiari
931 3816 1099 3909 prodeant
1117 3819 1366 3911 supplemento,
1385 3816 1520 3908 reliqua
1537 3821 1651 3889 autem

373 3964 434 4017 suo
451 3951 608 4035 tempore
626 3943 664 4014 in
681 3943 830 4015 alterum
847 3943 1124 4033 supplementum
1141 3949 1269 4016 coacta.

451 4069 506 4141 De
524 4068 639 4160 operis
657 4067 765 4140 totius
783 4067 918 4140 ratione
936 4068 1021 4141 haec
1039 4089 1148 4160 pauca
1165 4068 1275 4141 habeo
1295 4088 1383 4162 qnae
1401 4067 1522 4140 dicam.

453 4192 521 4281 Qui
546 4192 644 4265 titnh
673 4192 717 4266 ad
746 4192 907 4266 carminis
929 4191 1074 4265 sormam
1090 4195 1148 4266 vel
1165 4199 1264 4285 parte
1282 4193 1405 4266 saltem
1422 4193 1539 4282 aliqua
1555 4211 1652 4264 aoce-

371 4320 458 4391 dunt
485 4318 540 4390 vel
567 4338 671 4410 prosa
697 4319 853 4391 oratione
880 4319 1061 4411 compositi
1089 4319 1233 4392 metrico
1265 4317 1512 4410 quodammodo
1539 4315 1653 4389 colore

371 4444 479 4517 fucati
506 4442 679 4538 videntur,
710 4443 826 4535 recepi
854 4463 971 4516 omnes
993 4463 1062 4515 non
1083 4445 1186 4517 aliam
1204 4444 1247 4516 ob
1266 4465 1401 4517 causam
1420 4445 1542 4532 quaet
1560 4440 1652 4513 Bue-

371 4568 488 4645 cheler
515 4569 668 4660 syllogae
695 4589 777 4642 suae
804 4569 993 4662 capitulum
1021 4570 1077 4642 cui
1104 4570 1314 4643 commaticis
1332 4590 1454 4641 nomen
1473 4572 1527 4641 est
1544 4565 1654 4639 inseri

371 4695 495 4767 maluit
512 4715 615 4785 quam
634 4695 769 4768 omnino
787 4696 911 4768 omitti:
934 4699 1014 4767 sunt
1028 4695 1120 4767 enim
1143 4694 1179 4767 id
1201 4714 1310 4786 genus
1337 4695 1446 4767 multa
1472 4691 1653 4765 admodum

373 4821 433 4894 nbi
450 4826 599 4894 metrum
616 4841 638 4894 a
656 4821 811 4913 pedestri
829 4843 986 4895 sermone
1004 4842 1109 4913 aegre
1127 4821 1265 4912 quidem
1282 4821 1392 4913 possit
1413 4818 1575 4913 discerni,
1595 4837 1651 4890 ar·
