3642 5559
770 733 861 803 950.

166 837 220 911 VI
249 839 350 910 9545
379 836 491 910 Reme

275 998 412 1088 hospes,
432 997 555 1069 resiste
574 1002 611 1069 et
627 998 692 1070 hoc
712 997 757 1069 sd
775 1016 935 1087 grumum
954 996 997 1069 sd
1016 996 1151 1071 laevem
1170 998 1298 1090 aspice,

276 1123 359 1195 ubei
377 1123 598 1195 eontinentur
625 1144 703 1196 osse
728 1123 877 1196 hominis
904 1122 998 1214 beni,
1027 1121 1274 1213 misericordis,
1304 1124 1452 1195 amentis

1169 1249 1345 1340 pauperis.

277 1391 362 1462 rogo
380 1377 429 1462 te,
448 1372 575 1464 uiator,
595 1376 815 1444 monumento
832 1372 915 1445 huie
933 1370 984 1443 nil
1001 1371 1091 1443 mule
1110 1370 1247 1445 feceris.

491 1495 530 1570 C.
559 1495 712 1568 Ateilius
748 1496 890 1570 Serrani
916 1496 941 1569 l.
969 1496 1149 1589 Euhedus,
1188 1497 1453 1588 merguritsnus

491 1620 534 1692 de
554 1621 659 1693 Ssers
683 1614 689 1721 Ι
713 1620 783 1693 Viu
801 1623 837 1693 in
859 1623 925 1694 hoe
951 1628 1173 1693 monumento
1201 1622 1360 1695 conditus
1388 1629 1453 1694 est.

491 1747 616 1839 viator,
636 1745 729 1820 vele!
755 1740 761 1844 Ι

244 2052 272 2108 1.
290 2063 428 2108 numeros
450 2046 583 2106 restituit
609 2046 726 2108 Ritsehl
752 2047 885 2120 reposito
911 2048 943 2109 et
969 2041 1023 2110 hoe
1048 2062 1200 2126 menum,
1235 2045 1400 2105 Buecheler
1426 2046 1456 2106 et

169 2132 254 2198 husee
271 2153 328 2215 9r.;
373 2140 403 2197 2.
415 2132 570 2214 pauperie
588 2136 648 2195 erit
665 2142 762 2212 genes
783 2154 826 2211 σε.
844 2137 893 2196 vel
910 2138 1009 2210 petius
1027 2152 1089 2197 sec.
1107 2135 1192 2210 plur„
1215 2141 1372 2207 utrunque
1390 2135 1455 2193 iun-

170 2231 261 2301 gutur
280 2243 346 2286 eum
364 2222 512 2305 umentis
557 2228 642 2285 2-3
662 2223 803 2287 conflatos
822 2241 859 2285 ex
877 2225 1046 2300 archetypis
1073 2225 1201 2285 senariis
1228 2224 1367 2285 viderunt
1394 2223 1456 2283 edi·

170 2322 266 2388 tores3
304 2318 332 2375 5.
351 2314 443 2375 verbe
461 2310 495 2375 in
514 2308 567 2376 hee
580 2316 772 2376 monumento
788 2310 945 2377 eoudituet
961 2314 1124 2374 clausulam
1144 2311 1276 2374 efficiunt
1293 2314 1413 2376 senarii.

172 2725 226 2799 vs
255 2729 355 2800 essu
384 2727 497 2801 soma
776 2621 865 2690 951'

174 2885 387 2961 anaglyphum
416 2902 553 2960 magnum
582 2900 801 2957 memorem»,
818 2883 850 2943 in
868 2899 927 2955 quo
945 2882 1075 2956 «sculpes
1100 2889 1148 2942 est
1175 2882 1302 2943 tuberus
1327 2885 1460 2959 negotis-

477 2974 562 3034 tricis
579 2973 678 3034 cernis
698 2970 826 3032 ferinae»
842 2988 910 3031 eum
929 2971 1064 3031 versibus
1083 2971 1145 3032 his:

815 3080 896 3152 dum
914 3079 1088 3151 montibus
1107 3079 1229 3152 umbre

282 3204 492 3297 lustrabunt,
514 3204 700 3299 [e]0nvexs
717 3205 819 3296 polus
837 3204 919 3277 dum
938 3204 1054 3277 sideru
1072 3212 1204 3295 puscet,

282 3349 419 3420 semper
437 3331 546 3402 henos
564 3350 755 3420 nomenque
772 3336 871 3401 tuum
888 3329 1078 3420 laudesque
1096 3329 1297 3402 manebunt.

242 3540 279 3584 ex
297 3525 386 3600 Verg.
404 3527 479 3586 Aen.
497 3526 520 3599 Ι,
545 3528 729 3586 607-609.

778 3813 868 3884 952.

175 3916 229 3990 VI
258 3920 359 3990 9783
389 3918 500 3991 Rome
729 4024 752 4096 d
1066 3915 1148 3988 fert.
1170 3937 1202 3988 a.
1226 3917 1302 3988 307
1321 3936 1356 4007 p.
1376 3913 1458 3987 Chr.

805 4045 839 4095 m
894 4044 912 4095 s

282 4147 372 4221 Iulio
391 4148 526 4222 Iuliano
549 4146 558 4250 1
581 4150 657 4222 viro
675 4170 813 4240 magno,
831 4148 893 4239 phi
918 4141 925 4248 Ι
949 4149 1067 4237 lesope
1086 4148 1198 4239 primo
1222 4141 1229 4246 Ι

284 4273 341 4345 hie
360 4295 439 4346 cum
457 4274 557 4347 luuru
576 4272 676 4367 seret,
697 4273 863 4346 Romanis
881 4273 951 4345 ium
969 4273 1148 4362 relevetis,

392 4397 549 4470 reclusus
568 4398 692 4471 sustris
709 4398 806 4488 iupis
823 4403 935 4469 morte
952 4397 1058 4488 perit.

125 4687 130 4694 ι
251 4614 279 4670 1.
291 4604 454 4689 ρλόῑοεορο
471 4610 556 4685 lapis:
575 4626 634 4670 nen
651 4610 772 4682 mutave
819 4614 848 4671 3.
865 4605 962 4671 laurei
970 4605 1063 4690 seret
1085 4615 1132 4669 est
1153 4609 1226 4669 nihi
1251 4605 1377 4671 lausum
1393 4606 1464 4689 fer·

176 4699 240 4771 ναξ
258 4694 408 4778 laurum)
418 4695 538 4780 ΜΨ,
567 4698 690 4774 Corpus3
717 4703 889 4772 corruptum
911 4699 992 4759 tituli
1009 4704 1136 4759 metrum
1156 4701 1249 4760 sststi
1264 4699 1359 4774 ipsius
1376 4699 1464 4773 plene

177 4788 329 4864 eosvenit,
347 4790 383 4850 de
401 4804 460 4864 qus
477 4786 516 4851 ef.
533 4789 750 4850 Mommssnum
768 4787 807 4849 sd
824 4789 903 4849 titul.
