3642 5559
710 436 924 504 —455-

177 652 209 706 4.
228 663 248 707 a
266 646 318 707 rix
335 651 380 706 est
397 645 574 717 interiectis
621 648 650 708 6.
668 646 818 724 optleator
835 645 920 720 lapis3
976 648 1004 705 6.
1027 646 1150 705 omissus
1170 649 1217 705 est
1234 645 1337 705 solitas
1356 650 1459 735 penta7

179 740 284 797 mm
391 839 428 884 nc
447 823 547 884 doleat
564 828 667 884 nostro
686 822 821 883 conditus
839 819 947 885 officio.

769 1074 882 1165 roos.

175 1178 229 1253 VI
259 1182 360 1253 9449
389 1165 499 1251 Roma

284 1340 435 1430 Pudens,
454 1340 505 1412 M.
526 1339 654 1430 Lepidi
671 1338 696 1413 l.
716 1332 993 1434 grammaticus!

282 1469 487 1556 procurator
506 1486 601 1537 eram
619 1463 774 1554 Lepidae
792 1483 973 1555 moresque
992 1462 1171 1554 regebam:

390 1590 470 1661 dum
489 1591 573 1681 vixi,
593 1590 721 1660 mansit
739 1588 899 1663 Caesaris
918 1588 980 1659 illa
998 1609 1118 1660 nurus.

603 1712 805 1803 Philologus
823 1711 1012 1804 discipulus
1036 1706 1042 1811 Ι

244 1996 282 2058 dc
301 1907 498 2058 ,etatesstssgss
516 1994 554 2058 ci.
574 1996 745 2056 Henzeuum
765 2001 795 2055 et
813 1996 1029 2056 Buechelerum
1049 1995 1087 2055 ad
1105 1996 1151 2056 tit.

767 2249 880 2319 1099.

172 2351 228 2426 VI
255 2355 358 2426 9797
386 2354 496 2426 Roma

390 2513 514 2605 Ursus,
534 2518 676 2602 togatus
694 2512 808 2583 vitrea
827 2511 884 2600 qui
902 2511 1036 2602 primos
1053 2511 1125 2603 pila

389 2637 457 2710 lusi
476 2637 639 2709 decenter
657 2658 734 2708 cum
752 2637 839 2707 meis
857 2634 1044 2726 lusoribus,

388 2762 552 2834 laudante
569 2760 697 2853 populo
716 2761 874 2832 maximis
893 2760 1112 2852 clamoribus,

388 2887 536 2958 thermis
555 2886 721 2977 Troiiani,
742 2885 887 2959 thermis
905 2886 1083 2977 Agrippae
1103 2893 1139 2957 et
1158 2886 1240 2977 Titi,

390 3011 537 3082 multum
556 3019 591 3084 et
609 3012 771 3101 Neronis,
792 3011 822 3082 si
841 3018 957 3082 tamen
975 3010 1062 3081 mihi
1080 3009 1233 3103 creditis

389 3157 454 3227 ego
473 3157 565 3207 sum:
586 3143 729 3208 ovantes
748 3135 940 3225 convenite,
959 3134 1130 3227 pilicrepi,

388 3267 606 3350 statuamque
625 3259 727 3332 amici
744 3257 949 3331 floribus-
960 3259 1072 3350 violis,
1092 3261 1242 3332 rosis-

388 3384 540 3476 folioque
558 3384 667 3457 multo
685 3384 796 3475 adque
815 3391 991 3476 unguento
1009 3385 1163 3459 marcido

389 3518 530 3582 onerate
548 3516 713 3600 amantes,
734 3518 770 3581 et
788 3492 921 3581 merum
940 3510 1140 3601 profundite

389 3635 528 3725 nigrum
545 3634 747 3724 Falernum,
767 3644 829 3706 aut
846 3634 1015 3727 Setinum,
1035 3642 1097 3707 aut
1115 3635 1321 3727 Caecubum,

389 3759 469 3830 vivo
488 3779 528 3831 ac
545 3757 678 3830 volenti
697 3758 738 3831 de
757 3760 926 3850 apotheca
944 3759 1126 3851 dominica,

388 3881 584 3973 Ursumqoe
604 3883 718 3955 canite
737 3904 819 3955 voce
838 3884 1000 3956 concordi
1019 3904 1135 3957 senem

389 4007 546 4099 hilarem,
566 4008 730 4099 iocosum,
749 4010 966 4100 pilicrepum,
986 4009 1239 4098 scholasticum,

389 4134 449 4223 qui
469 4134 554 4204 vicit
572 4152 690 4203 omnes
708 4144 944 4205 antecessores
963 4155 1042 4206 suos

390 4278 504 4345 sensu,
526 4257 648 4330 decore
666 4257 778 4348 adque
796 4266 871 4331 arte
890 4259 1129 4350 suptilissima.

389 4402 479 4454 nunc
497 4404 581 4454 vera
598 4404 700 4455 verso
719 4384 826 4456 verba
844 4384 999 4457 dicamus
1018 4406 1133 4457 senes:

389 4526 465 4577 sum
484 4507 743 4598 victus—ipse
762 4506 967 4580 fateor-a
984 4515 1039 4581 ter
1057 4509 1194 4581 consule

390 4630 484 4702 Vero
502 4637 659 4723 patrono,
681 4654 743 4705 nec
761 4631 879 4723 semel,
899 4633 961 4704 sed
980 4635 1129 4724 saepius,

389 4757 487 4827 cuius
505 4756 656 4828 libenter
675 4757 771 4829 dicor
789 4757 998 4831 exodiarius.
