3642 5559
689 432 903 502 -405-

156 823 209 896 VI
237 824 366 894 24758
396 820 505 892 Roma
760 713 850 784 977⁰

265 981 447 1058 Pontico.
467 980 491 1051 1.
518 974 524 1075 Ι
548 979 727 1070 Tryphera
750 970 756 1076 Ι

372 1104 454 1176 dum
471 1104 572 1195 vixit,
592 1103 651 1194 pia
668 1100 736 1173 init
754 1102 839 1173 suis.

763 1387 852 1458 978.

156 1496 211 1570 VI
240 1498 370 1571 24930
399 1494 509 1566 Roma

267 1656 324 1728 hic
343 1655 431 1726 situs
450 1660 504 1725 est
521 1653 671 1744 Primus,
691 1652 751 1744 qui
769 1652 857 1724 vixit
874 1651 997 1744 (more)
1016 1651 1164 1724 iucundo

373 1779 436 1872 (et)
454 1778 617 1871 se(m)per
634 1777 744 1851 silbae
762 1807 780 1843 r
798 1777 897 1848 stetit
916 1774 1038 1848 officio.

229 2007 314 2083 equid
332 2008 363 2068 in
382 2007 548 2082 scribendo,
571 2007 641 2082 qnid
659 2008 689 2066 in
707 2005 903 2068 describendo
926 2005 1014 2066 titulo
1040 2012 1197 2081 peccatum
1225 2007 1273 2083 sit,
1300 2008 1444 2085 distingui

156 2115 220 2159 non
238 2102 358 2172 potero.

229 2183 284 2267 pai
299 2182 380 2248 east
397 2181 570 2267 income]
585 2182 732 2265 semiper
759 2182 809 2265 [et
822 2181 1045 2265 prJocstIthit
1061 2179 1205 2265 ospitem
1221 2185 1351 2248 editores
1372 2187 1445 2250 Gor·

158 2277 254 2353 poris;
279 2270 378 2338 adbuc
405 2291 470 2336 esse
499 2269 596 2336 silvae
624 2272 853 2348 defunctumque
880 2275 1053 2335 saltuarium
1085 2271 1178 2335 fuisse
1212 2277 1324 2336 rectius
1359 2281 1445 2353 putat

156 2366 337 2437 Mommsem
354 2363 511 2424 distichum
534 2361 701 2435 informavi
747 2366 777 2425 2.
800 2369 991 2437 exspectatur
1014 2359 1163 2426 constitit.

159 2738 368 2813 messer
401 2737 513 2809 Romo
766 2631 854 2702 Μ’

171 2930 179 2937 ·
270 2898 303 2957 in
320 2892 487 2971 anaglypho
505 2910 595 2969 snpra
612 2909 733 2955 ommen
750 2897 883 2954 cernitur
909 2896 970 2954 uvir
996 2896 1121 2956 restitus
1142 2894 1175 2955 in
1193 2896 1271 2956 lecto
1290 2897 1445 2974 recubans,

272 2985 377 3046 dextra
398 3000 550 3058 coronam,
577 2983 698 3044 sinistra
724 3000 776 3044 vas
802 2985 984 3059 putatorium
1012 2990 1127 3057 tenens;
1153 2990 1222 3045 ente
1250 2994 1316 3045 eum
1343 3003 1446 3048 mensa

271 3092 339 3136 cnm
355 3074 445 3147 rasim
463 3072 581 3133 adsidet
599 3090 618 3132 a
635 3073 741 3132 derna
757 3075 873 3135 invenis
900 3074 1095 3155 (centurionis
1122 3073 1225 3134 habitu
1253 3076 1445 3155 vestituque),

271 3164 405 3224 derbem
424 3179 527 3223 verses
546 3178 612 3222 enm
632 3162 683 3236 qni
705 3163 828 3224 recubat
855 3166 1033 3239 porrigensr,
1060 3163 1238 3238 subscriptio
1265 3165 1345 3224 tituli
1370 3162 1446 3226 haec

273 3258 327 3314 est·
347 3251 379 3315 0.
396 3251 527 3313 Rubrius
545 3250 685 3312 Urbanus
703 3250 761 3312 sibi
779 3258 810 3311 et
826 3255 975 3312 Antoniae
995 3254 1000 3329 Ι
1020 3254 1208 3313 Domesticos
1237 3254 1356 3330 coniugi
1374 3272 1445 3316 snae

272 3347 303 3402 et
320 3336 374 3405 Gn
391 3340 523 3401 Domitio
543 3335 549 3423 Ι
568 3339 681 3401 Urbicn
704 3340 855 3401 Rubriano
874 3339 937 3401 tilio
955 3358 1009 3402 sno
1018 3387 1114 3405 ......
1133 3340 1213 3404 iecit

248 3570 251 3577 ,
377 3462 509 3563 earm

271 3627 331 3717 qni
351 3624 432 3698 dum
450 3625 524 3696 rite
542 3623 669 3716 datast,
689 3646 825 3715 semper
842 3626 984 3698 virebat
1001 3648 1139 3720 svaros,

378 3749 497 3821 heredi
516 3770 675 3841 parcens,
694 3748 832 3822 invidus
850 3751 926 3841 ipse
945 3751 1024 3843 sibi,

273 3875 329 3947 bic
347 3874 605 3947 accumbentem
623 3873 733 3966 sculpi
752 3875 938 3965 genialiter
956 3883 1032 3949 arte

380 4020 417 4071 se
436 3999 540 4071 iussit
558 3998 660 4072 docta
675 4006 754 4091 post
772 4019 835 4071 sua
852 3999 926 4073 fata
943 4022 1057 4094 manu,

273 4130 313 4198 nt
331 4125 454 4198 saltem
473 4124 642 4197 recubans
660 4125 697 4195 in
716 4131 826 4197 morto
844 4127 1022 4215 quiescere
1040 4132 1158 4218 posset

381 4270 571 4339 secureque
590 4250 705 4321 iacens
723 4249 783 4321 ille
802 4251 919 4341 quiete
937 4249 1019 4322 frni.

273 4371 366 4445 filius
385 4394 405 4446 a
423 4373 547 4445 dextra
564 4372 707 4462 residet,
726 4375 786 4465 qui
806 4380 921 4448 castra
939 4380 1078 4445 secutus

381 4498 507 4571 occidit
525 4504 606 4569 ante
624 4500 736 4590 patris
754 4497 878 4571 funera
895 4504 1030 4570 maesta
1049 4499 1116 4570 sni.

275 4622 336 4696 sed
353 4623 437 4715 quid
455 4621 627 4695 defunctis
645 4623 788 4714 prodest
806 4623 955 4714 genialis
973 4623 1110 4714 imago?

161 4768 201 4824 ιο
381 4748 445 4821 hoc
463 4749 580 4839 potius
598 4749 669 4820 ritu
688 4749 806 4821 vivere
825 4747 1027 4821 debuerant.
