3642 5559
942 466 1155 536 -342—

516 686 557 752 ut
574 682 704 752 scirent
722 680 848 769 cuncti,
868 679 1117 750 monimentum
1135 685 1172 749 et
1188 678 1317 768 pignus
1335 675 1473 748 amoris.

515 806 656 896 integra
673 803 767 877 fama
784 804 861 895 tibi,
881 803 1018 875 laudem
1038 823 1159 875 cursus
1176 802 1352 890 meruisti;

516 930 661 1001 certasti
679 928 809 1020 multis,
829 927 960 1000 nullum
980 947 1113 1017 pauper
1131 926 1278 1017 timusti,

515 1055 682 1127 invidiam
700 1075 823 1145 passus
840 1074 979 1143 semper
995 1051 1097 1125 fortis
1115 1052 1268 1140 tacuisti,

516 1178 659 1270 pulchre
677 1180 808 1269 vixisti,
828 1176 900 1249 fato
918 1177 1074 1249 mortalis
1093 1176 1210 1248 obisti.

516 1304 673 1395 quisquis
692 1306 793 1375 homo
812 1324 861 1394 es,
882 1322 1028 1392 quaeres
1046 1302 1164 1374 talem.
1185 1300 1348 1392 subsiste,
1367 1300 1493 1390 mator,

516 1429 672 1520 perlege3
693 1429 723 1499 si
740 1449 873 1499 memor
891 1448 940 1518 es,
961 1428 991 1499 si
1009 1428 1113 1518 nosti,
1133 1426 1211 1517 quis
1230 1424 1338 1497 fuerit
1355 1426 1420 1516 vir,
1435 1463 1482 1477 -
1508 1481 1511 1488 .

410 1574 444 1627 1o
516 1551 690 1625 fortunam
708 1559 866 1624 metuant
885 1573 1014 1641 omnes,
1025 1550 1181 1624 -dices
1199 1556 1316 1623 tamen
1335 1571 1455 1621 unum:

624 1679 772 1750 «Fuscus
790 1677 897 1748 habet
916 1676 1050 1765 titulos,
1069 1676 1192 1748 mortis
1209 1674 1316 1747 habet
1333 1674 1519 1746 tumulum:

517 1803 673 1893 contegit
691 1821 769 1873 ossa
786 1801 892 1891 lapis3
912 1800 1000 1873 bene
1019 1800 1135 1872 habet.
1156 1800 1324 1890 Fortuna,
1345 1798 1476 1870 valebis
1484 1801 1511 1870 !n

473 2002 475 2006 ,
517 1925 668 1998 fudimus
686 1927 816 1998 insonti
834 1925 1007 2016 lacrimae,
1027 1945 1117 1997 nunc
1134 1925 1232 2014 vina3
1251 1944 1444 2013 precamur,

622 2056 663 2122 ut
680 2052 793 2122 iaceas
811 2048 962 2141 placide:
982 2070 1082 2121 nemo
1101 2050 1153 2120 tui
1172 2048 1306 2121 similis.

479 2324 506 2381 1.
524 2316 641 2378 confert
657 2318 767 2377 Hosius
790 2319 879 2390 Vsrg.
902 2318 976 2378 Aen
999 2317 1035 2388 V,
1054 2320 1096 2377 48
1123 2311 1316 2377 sacravimus
1343 2330 1428 2386 orus:
1474 2315 1670 2385 neuportum

409 2404 493 2485 circi,
512 2406 642 2468 sednon
660 2423 773 2481 premo;
800 2408 899 2468 certos
925 2403 1040 2468 ammos
1068 2404 1127 2465 dici
1154 2410 1254 2466 monet
1280 2403 1399 2475 Buech.;
1445 2405 1474 2464 3.
1502 2401 1550 2465 fin.
1575 2398 1673 2461 confert

409 2497 519 2559 Buech.
537 2497 626 2573 Verg.
644 2499 719 2558 Aen.
737 2498 771 2570 V,
792 2499 864 2557 536.
884 2499 958 2568 5723
976 2500 1023 2556 est
1040 2495 1174 2555 clausula
1190 2509 1279 2569 saepe
1298 2493 1395 2566 obuia

477 2592 508 2648 4.
527 2587 663 2659 equidem
686 2586 786 2645 malim
813 2601 918 2657 coram
986 2588 1071 2645 4-7
1098 2590 1172 2644 notu
1197 2584 1444 2655 homoeoteleuta
1490 2585 1520 2644 8.
1545 2590 1672 2659 pooocrc

411 2677 442 2736 in
470 2675 699 2749 sepulcralibus,
713 2675 824 2750 passim
850 2690 905 2748 pro
933 2669 1122 2746 desiderata
1158 2671 1338 2751 quaeramur
1364 2672 1472 2732 Kaibel
1508 2687 1565 2731 non
1596 2670 1671 2737 recta

415 2770 464 2828 11.
482 2761 592 2826 mortis
609 2766 698 2839 iunge
716 2781 782 2823 enm
801 2759 961 2836 tumetium,
979 2779 1038 2823 non
1056 2780 1123 2823 cum
1142 2757 1257 2837 titulun
1305 2764 1343 2820 12
1359 2759 1409 2820 fin.
1427 2757 1543 2821 confort
1558 2756 1672 2819 Bueche-

412 2854 458 2914 ler
475 2854 528 2930 IX,
548 2857 643 2915 4756:
663 2869 730 2928 spos
749 2858 780 2914 et
797 2850 925 2926 fortuna,
943 2853 1050 2912 valete!
1069 2870 1096 2912 ι.
1114 2852 1243 2912 Prolleri
1260 2851 1295 2912 R
1313 2851 1354 2911 M.
1373 2847 1420 2909 11³
1438 2868 1467 2924 p.
1487 2853 1551 2911 254
1567 2852 1622 2908 not

480 2942 556 3004 adr.
573 2948 609 3003 11
633 2941 749 3003 confert
765 2943 875 3002 Hosius
894 2941 977 3003 ovio
995 2942 1067 3002 Her.
1085 2941 1150 3016 Vll,
1170 2945 1221 3013 ⁷43
1238 2941 1328 3002 Trist.
1346 2941 1369 3014 1,
1390 2946 1439 3016 ll,
1459 2939 1571 3001 souti
1587 2952 1671 2998 occur

411 3034 452 3092 rit
471 3032 584 3093 locutio
603 3028 716 3093 titulus
733 3028 850 3104 mortis
869 3030 923 3092 sed
940 3029 979 3091 of.
996 3031 1034 3102 X,
1054 3033 1149 3091 4428.
1170 3033 1266 3093 5020.

1015 3212 1104 3284 830.

412 3317 465 3390 VI
497 3321 593 3391 1951
625 3318 737 3391 Romu
1012 3422 1096 3495 dm

628 3550 667 3624 O.
689 3549 831 3622 Clodius
849 3549 951 3622 Felix

519 3674 577 3746 hic
596 3694 660 3765 ego
678 3675 840 3747 Murinus
857 3695 983 3764 praeco
1001 3674 1114 3766 Felix,
1134 3675 1191 3746 cui
1209 3673 1297 3746 tales
1315 3674 1417 3746 amici

521 3797 738 3888 complerunt
756 3799 898 3890 animos,
918 3803 959 3870 ut
976 3804 1056 3889 post
1074 3819 1129 3869 me
1146 3818 1271 3870 nomen
1289 3798 1466 3890 haberem,

500 3921 651 3994 ·Lucius
670 3930 707 3994 et
725 3921 881 4015 Claudia,
902 3922 994 4013 quod
1012 3929 1093 3995 sunt
1111 3944 1166 3994 me
1185 3923 1320 4014 dignati
1337 3943 1480 3995 munere
1498 3925 1660 4014 perpetuo.

520 4067 582 4119 vos
600 4068 724 4144 precor
741 4048 817 4137 hoc,
838 4048 969 4138 superi,
989 4055 1029 4119 ut
1046 4049 1152 4120 vitam
1172 4051 1252 4138 post
1268 4069 1322 4120 me
1342 4048 1491 4120 servetis
1508 4045 1630 4134 amicis,

522 4177 558 4243 et
576 4172 710 4262 possint
727 4173 856 4245 nostris
874 4172 1048 4246 Bacchum
1067 4173 1213 4245 miscere
1229 4171 1372 4264 favillis,

626 4295 770 4369 floribus
788 4302 828 4369 ut
846 4304 1013 4390 spargant
1031 4299 1169 4390 saepius
1187 4298 1371 4392 umbro(m)
1388 4298 1511 4370 levem.

627 4455 653 4515 B
675 4457 759 4517 1266

482 4547 511 4605 2.
530 4558 646 4605 noram
663 4546 749 4619 lapis.

481 4648 602 4692 carmen
610 4631 703 4693 fnisse
712 4632 822 4693 fuctum
835 4634 867 4693 in
875 4635 1048 4695 memoriam
1062 4635 1175 4695 Morini
1192 4636 1359 4712 praeconis,
1377 4635 1416 4695 ad
1432 4635 1564 4696 Felicem
1580 4638 1675 4693 tenero

414 4719 671 4781 adcommodatum
689 4727 775 4797 putat
791 4724 923 4797 Hennam
942 4723 994 4784 sed
1012 4729 1113 4798 potest
1131 4721 1283 4787 Marinus
1302 4725 1417 4801 signnm
1445 4723 1537 4786 fnisse
1562 4718 1674 4785 eiusdem

415 4811 447 4872 C.
467 4809 554 4874 clodi
570 4810 689 4892 Felicis,
708 4817 741 4871 ut
759 4817 789 4872 et
806 4812 840 4874 Β.
859 4813 1006 4888 opinatur.
