3642 5559
1356 459 1783 529 ——561—

1463 707 1689 777 1397.

288 817 391 889 VI
452 818 708 889 25985
766 813 987 886 Roma

502 960 582 1031 P.
625 957 943 1030 Scantius
997 955 1077 1026 P.
1118 953 1167 1027 l.
1220 946 1232 1053 Ι
1281 952 1615 1044 Olympus
1663 945 1674 1051 Ι
1725 950 1891 1024 fecit
1946 951 2104 1040 sibi,
2164 973 2230 1022 v,
2289 971 2353 1022 a.
2394 947 2592 1021 LXX
2640 943 2652 1047 Ι
2703 952 2848 1020 sine

506 1083 833 1155 criminae
884 1080 894 1172 Ι
943 1079 1153 1168 vitae,
1194 1083 1267 1149 et
1303 1077 1621 1150 Scantiae
1675 1076 1902 1166 Agele
1959 1074 2437 1165 conlibert(ae)
2487 1067 2498 1175 Ι
2548 1073 2852 1163 optimae

507 1206 592 1278 de
630 1227 703 1278 se
740 1205 914 1276 bene
951 1204 1241 1274 meritae
1289 1197 1302 1303 Ι

430 1491 489 1549 2.
533 1482 669 1549 sine
705 1398 789 1549 οῗ.
818 1397 992 1547 {fitz
1028 1399 1222 1545 ἐὲὶῖιῗε
1257 1483 1585 1543 hexametri
1615 1500 1792 1558 saepe
1831 1483 2056 1545 obvius.
2080 1515 2157 1527 -—-
2184 1485 2312 1543 876
2333 1499 2393 1544 a.

1479 1750 1706 1821 1398.

294 1857 398 1930 VI
456 1860 713 1930 29947
772 1857 992 1928 Roma

510 2004 587 2069 tu
624 2018 712 2070 ne
749 1997 952 2069 vellis
989 1997 1216 2070 aliena
1252 1996 1560 2068 membra
1608 1990 1618 2092 Ι
1668 1997 2013 2085 inquitate
2051 1996 2365 2087 iacentis,

513 2123 733 2196 dolies
782 2118 793 2221 Ι
841 2122 1246 2213 conparabit
1301 2121 1457 2193 sibi.
1515 2094 1698 2211 quod
1754 2122 1812 2191 si
1869 2142 1958 2192 no
2007 2114 2019 2220 Ι
2067 2120 2317 2211 merie,
2377 2120 2732 2193 noceberis
2772 2120 2856 2192 ab

2481 2244 2641 2317 alio,

727 2391 776 2450 B
814 2388 889 2447 ad
927 2407 982 2449 n.
1027 2390 1192 2448 1145
2641 2370 2645 2373 ι

431 2476 689 2538 frustula
723 2480 897 2537 metri
934 2478 1154 2552 passim
1191 2477 1591 2537 dinoscuntur.
1621 2507 1698 2519 —
1727 2477 1900 2536 1250
1945 2490 2005 2535 α.

1483 2728 1709 2797 1399.

297 2834 368 2906 X
427 2837 577 2906 797
589 2837 632 2904 2
692 2832 1015 2905 Sardinia

300 3077 372 3142 1η
437 2992 692 3066 elogium
733 2992 1121 3052 christianum
1168 2992 1393 3052 saeculi
1429 2997 1497 3050 ut
1531 2992 1764 3052 videtur
1816 2991 1930 3052 VII
1983 2990 2194 3065 incipit
2247 3009 2285 3052 a
2338 2991 2516 3051 solita
2569 2992 2864 3052 locutione

358 3079 405 3144 ‘c
439 3079 620 3144 situs.

301 3403 445 3475 ΧΠ
503 3406 703 3474 5732
765 3401 1121 3492 Antipolis
1492 3297 1714 3367 1400'

733 3545 982 3634 viator,
1023 3543 1217 3615 audi:
1259 3545 1320 3615 si
1355 3544 1553 3634 libet,
1591 3545 1780 3615 intus
1814 3544 2009 3616 veni:

733 3668 975 3740 tabula
1012 3674 1120 3740 est
1156 3677 1351 3759 aena,
1393 3689 1567 3758 quae
1602 3674 1675 3739 te
1713 3675 1963 3740 cuncta
1996 3667 2347 3760 perdocet.

447 3951 535 4009 «la
571 3863 784 4011 form?
798 3866 997 4025 plafiait
1035 3969 1098 4012 se
1138 3953 1503 4026 rapprocher
1540 3952 1613 4011 de
1651 3951 1803 4012 celle
1842 3952 1978 4011 d'un
2014 3952 2241 4013 linteau
2277 3953 2351 4014 de
2378 3957 2568 4028 porte,
2586 3969 2664 4013 ou
2679 3956 2872 4012 meme

306 4041 383 4101 de
402 4037 781 4101 l’architrave
821 4041 958 4099 d’un
994 4041 1148 4115 petit
1184 4047 1566 4116 monument»,
1606 4042 1792 4101 Blanc
1828 4042 1903 4100 ad
1921 4047 1983 4114 t.;
2021 4042 2227 4103 titulus
2264 4045 2376 4103 etsi
2413 4040 2599 4102 falsus
2635 4059 2748 4102 non
2780 4048 2872 4104 est

306 4130 790 4204 considerandus,
828 4132 927 4189 vix
963 4136 1162 4190 tamen
1198 4138 1362 4190 recte
1400 4131 1552 4190 solet
1585 4132 1743 4190 inter
1778 4131 2140 4205 sepulcrales
2177 4131 2479 4205 collocari,
2535 4130 2611 4193 cf.
2666 4131 2872 4192 Fried-

305 4219 578 4279 laenderi
613 4220 890 4280 Darstell.
929 4220 1002 4294 11,
1041 4219 1133 4280 ed.
1176 4224 1232 4293 6,
1268 4238 1324 4293 p.
1362 4223 1467 4281 43.

2382 4911 2453 4964 36
