3642 5559
1869 413 2297 484 —360—

2006 698 2185 768 870.

800 819 901 892 VI
968 822 1222 892 10237
1278 821 1499 892 Roma
2949 823 3039 891 16
3078 840 3148 909 p.
3185 818 3324 892 Chr.

890 1000 1196 1071 impensae
1232 999 1594 1058 monumenti
1630 999 1785 1058 ratio
1824 1000 2140 1073 exponitur
2177 1015 2357 1071 prosa
2394 998 2684 1066 oratione:
2722 997 2990 1070 sequitur
3018 1012 3261 1056 carmen:

1015 1125 1366 1214 impensae
1404 1145 1704 1215 causam,
1745 1124 2027 1196 titulum
2064 1125 2183 1214 qui
2220 1123 2546 1215 perlegis»,
2586 1122 2771 1214 audi,

1017 1255 1090 1320 et
1125 1250 1399 1340 iustam,
1441 1269 1716 1340 quaeso,
1754 1249 2041 1338 pietatis
2079 1250 2358 1340 percipe
2396 1268 2657 1320 curam.

1015 1375 1171 1464 quis
1206 1394 1398 1465 vera,
1439 1380 1519 1445 ut
1555 1375 1840 1465 cupiant
1875 1373 2211 1446 concorde
2247 1374 2508 1461 vivere,
2546 1394 2737 1444 mens
2776 1380 2904 1462 est,

1014 1498 1140 1571 hos
1178 1499 1441 1571 animos
1478 1504 1794 1589 spectent
1831 1504 2037 1588 atque
2073 1499 2245 1570 haec
2283 1498 2597 1589 exempla
2631 1505 3030 1588 sequantur.

811 1646 843 1694 5
1016 1624 1190 1695 haec
1224 1623 1397 1712 loca,
1439 1622 1601 1694 dum
1638 1624 1899 1713 vivent,
1939 1623 2157 1695 libeat
2191 1623 2367 1695 bene
2404 1629 2652 1697 cuncta
2688 1623 2895 1715 tueri,

1012 1753 1172 1837 post
1208 1747 1606 1837 obitumque
1644 1768 1843 1819 suum
1881 1747 2165 1821 tradant
2200 1754 2347 1819 tum
2385 1748 2632 1821 deinde
2669 1746 2949 1837 futuris,

1014 1893 1101 1943 ne
1140 1872 1413 1945 deserta
1448 1879 1719 1962 vacent,
1759 1873 2018 1963 ignotis
2056 1872 2281 1960 devia,
2320 1873 2548 1962 busta,

1014 1997 1137 2069 sed
1171 2002 1327 2069 tuta
1362 2003 1645 2068 aeterno
1682 2004 2027 2089 maneant,
2069 1997 2129 2068 si
2168 1996 2397 2069 dicere
2434 1995 2541 2069 fas
2577 2005 2706 2070 est.

936 2338 993 2397 3.
1031 2246 1493 2413 qufflggqtzssffi
1582 2340 1644 2397 4.
1682 2332 1917 2394 confert
1950 2335 2172 2397 Buech.
2208 2337 2386 2410 Verg.
2424 2336 2639 2410 Georg.
2677 2336 2777 2409 IV,
2813 2338 2962 2395 219:
2998 2336 3088 2395 his
3123 2334 3319 2410 quidam

803 2426 983 2498 signis
1022 2430 1201 2527 atque
1240 2425 1388 2485 haec
1427 2426 1698 2499 exempla
1735 2424 1943 2496 secuti3
2039 2430 2095 2486 7.
2142 2424 2200 2486 h.
2237 2441 2289 2485 e.
2327 2423 2493 2484 aditu
2530 2442 2648 2484 non
2685 2431 2939 2487 servato.

799 2854 899 2926 VI
962 2856 1216 2927 12668
1272 2854 1493 2925 Roma
2003 2750 2180 2819 871⁶

1225 3014 1306 3087 P.
1347 3014 1633 3086 Atinius
1667 3013 1747 3086 P.
1787 3013 1868 3086 P.
1910 3013 1957 3085 l.
2012 3008 2024 3114 Ι
2073 3013 2371 3105 Nicepor
2419 3008 2430 3114 Ι

1010 3144 1527 3209 monumentum
1564 3159 1674 3209 me
1711 3140 1873 3210 vivo
1910 3136 2268 3211 aedificavi
2307 3144 2380 3211 et
2414 3140 2488 3210 in
2524 3160 2706 3211 meo:

1009 3269 1450 3334 monumento
1488 3264 1601 3355 (ne
1641 3263 1796 3353 quis
1834 3263 1995 3336 huic
2030 3285 2307 3336 manum
2345 3264 2667 3337 intulerit
2699 3265 2929 3358 male).

1222 3510 1272 3570 B
1324 3514 1448 3572 139

933 3600 990 3659 3.
1027 3605 1166 3673 post
1197 3601 1580 3662 monumento
1615 3601 1769 3675 lapis
1805 3600 2038 3676 integer
2075 3605 2168 3662 est
2202 3601 2527 3677 titulusque
2582 3600 2719 3665 fort.
2774 3603 2837 3662 in
2891 3604 3085 3663 altera
3130 3601 3319 3663 tabells

795 3688 1191 3761 continuatum
1228 3689 1418 3763 suppl.
1454 3690 1672 3751 Buech.

795 4078 899 4150 Ἦ
961 4082 1212 4153 13696
1272 4079 1491 4151 Roma
1999 3978 2179 4048 8⁷2⁶

1007 4238 1136 4310 hoc
1173 4238 1282 4310 est
1316 4237 1574 4310 factum
1612 4241 2131 4313 monumentum
2166 4243 2451 4316 Mearco
2489 4244 2800 4318 Gaicssi0.

1007 4362 1278 4455 hospes,
1320 4369 1600 4454 gratum
1636 4364 1766 4457 est,
1806 4387 2011 4456 quom
2049 4367 2236 4458 apud
2272 4389 2461 4440 meas
2497 4369 2866 4442 restitistei
2904 4370 3165 4443 seedes:

1005 4486 1180 4559 bene
1215 4490 1364 4560 rem
1399 4491 1605 4580 geras
1644 4496 1716 4562 et
1751 4490 2015 4581 valeam
2055 4492 2356 4566 dormitis
2393 4495 2540 4566 sine
2578 4496 2782 4585 qura!

1217 4718 1384 4780 Β11
