3642 5559
1383 453 1807 522 ——361—

310 825 416 897 VI
484 829 732 898 13735
790 826 1012 897 Roma
1521 718 1698 788 873·

474 981 479 983 ’
528 986 614 1058 L.
657 984 995 1058 Caecilius
1030 984 1286 1077 F(e)lix
1335 977 1347 1083 Ι
1395 982 1561 1055 fecit
1597 982 1752 1071 sibi,
1794 982 2097 1072 coniugi,
2150 975 2160 1080 Ι
2210 980 2372 1074 filis,

527 1109 802 1181 libertis
839 1129 1045 1181 sexus
1095 1103 1105 1208 Ι
1157 1109 1519 1199 utriusque
1560 1113 1632 1179 et
1668 1113 1964 1198 postque
2014 1101 2026 1206 Ι
2073 1106 2354 1178 futuris.

451 1400 588 1455 sunt
623 1306 1103 1455 duozgjaffnetri
1140 1395 1296 1455 male
1333 1392 1606 1468 confecti,
1641 1394 1745 1454 sed
1782 1394 1882 1452 vix
1918 1390 2167 1453 fortuiti.

1521 1700 1700 1769 874.

309 1822 419 1893 VI
485 1825 801 1897 18677a
855 1823 1073 1894 Roma

1481 1945 1526 2016 d
1633 1966 1701 2016 m

529 2071 631 2143 M.
674 2071 967 2142 Fulvius
1003 2071 1347 2162 Lamyrus
1397 2064 1407 2169 Ι
1454 2070 1569 2143 hic
1605 2069 1922 2142 conditus
1961 2076 2069 2141 est

527 2196 699 2268 haec
735 2197 833 2266 mi
870 2194 1110 2267 domus
1147 2195 1522 2267 aeternalis
1561 2195 1699 2265 erit
1732 2195 1905 2267 meis
1941 2194 2336 2284 impendiis».

1169 2321 1433 2411 gratias
1471 2320 1710 2391 amico.

451 2535 509 2592 3.
547 2533 598 2592 si
633 2549 887 2606 reponas
942 2529 1160 2595 domus
1212 2534 1472 2593 aeterna
1525 2534 1637 2607 est,
1689 2530 1758 2590 fit
1803 2533 2091 2593 senariae.
2118 2563 2194 2575 —
2221 2533 2311 2592 De
2365 2534 2662 2592 locutu-nm
2722 2534 2874 2594 dmm.

303 2617 655 2684 aeternalis
689 2621 766 2682 cf.
803 2618 1046 2684 Kizbler
1079 2624 1143 2681 in
1179 2621 1437 2683 Woelffl.
1474 2622 1654 2683 Arch.
1695 2622 1835 2681 VIII
1873 2640 1929 2695 p.
1976 2624 2118 2682 169.

1523 2928 1698 2998 875.

308 3052 419 3122 VI
479 3053 731 3123 21521
797 3050 1017 3122 Roma
1582 3040 1601 3059 ⁰
1747 3050 1923 3120 «litt.
1966 3055 2102 3122 aet.
2142 3051 2325 3142 Aug.
2367 3072 2498 3124 non
2546 3054 2878 3134 india-nis„

742 3245 1346 3317 Monumentum
1385 3245 1486 3317 M.
1527 3246 1829 3319 Luccei
1869 3242 1970 3318 M.
2010 3244 2059 3319 f.
2099 3247 2462 3336 Nepotis

530 3426 739 3495 quum
775 3411 1220 3495 praematura
1254 3413 1535 3495 raptum
1571 3406 1741 3478 mihi
1779 3413 2003 3479 morte
2038 3407 2381 3497 Nepotem

743 3528 1006 3620 flerem,
1044 3532 1421 3603 Parcarum
1459 3531 1693 3621 putria
1726 3530 1846 3603 fila
1883 3552 2201 3626 querens,

531 3660 605 3726 et
639 3676 985 3746 gemerem
1021 3656 1211 3727 tristi
1251 3654 1641 3727 damnatam
1679 3661 1868 3727 sorte
1905 3657 2280 3748 iuventam,

744 3787 1188 3869 versaretque
1227 3800 1443 3851 novus
1480 3781 1751 3852 viscera
1784 3786 1935 3852 tota
1970 3781 2189 3872 dolor,

308 3923 344 3975 5
529 3922 640 3973 me
678 3901 1083 3992 desolatum,
1121 3923 1232 3975 me
1269 3902 1622 3974 desertum
1658 3925 1740 3976 ac
1775 3904 2147 3994 spoliatum

744 4026 1136 4118 clamarem,
1177 4027 1393 4118 largis
1431 4048 1600 4100 saxa
1633 4049 1918 4100 movens
1952 4029 2283 4122 lacrima,

412 4180 417 4184 ·
530 4158 772 4224 exacta
806 4172 1025 4242 prope
1061 4159 1262 4224 nocte
1300 4173 1459 4225 suos
1496 4174 1708 4243 quum
1745 4153 2030 4226 Lucifer
2064 4156 2266 4244 ignes

741 4284 1106 4367 spargeret
1141 4284 1213 4349 et
1248 4277 1513 4351 volucri
1549 4278 1861 4351 roscidus
1896 4281 2034 4351 iret
2071 4301 2270 4372 equ0,
2291 4320 2399 4334 —-

529 4399 674 4472 vidi
712 4400 982 4474 sidereo
1020 4402 1406 4474 radiantem
1447 4403 1704 4475 lumine
1742 4403 2034 4476 formam

313 4543 383 4597 ιο
744 4527 1027 4597 aethere
1064 4525 1325 4598 delabi:
1368 4547 1504 4599 non
1540 4526 1676 4599 fuit
1710 4528 1836 4599 illa
1873 4530 2091 4619 quiea,

531 4648 653 4720 sed
689 4670 896 4721 verus
932 4651 1167 4721 iuveni
1204 4651 1392 4723 color
1429 4658 1502 4723 et
1538 4673 1767 4744 sonus,
1807 4658 1883 4724 at
1919 4659 2145 4725 status
2181 4655 2332 4743 ipse

574 4762 582 4771 ⁸
740 4775 960 4846 maior
996 4782 1149 4847 erat
1183 4784 1349 4848 nota
1385 4777 1691 4867 corporis
1729 4775 1985 4868 effigie.
